

   @article{Aravkin_Burke_Drusvyatskiy_Friedlander_MacPhee_2018,
  title    = {Foundations of Gauge and Perspective Duality},
  volume   = {28},
  url      = {https://epubs.siam.org/doi/10.1137/17M1119020},
  doi      = {10.1137/17M1119020},
  number   = {3},
  journal  = {SIAM Journal on Optimization},
  author   = {Aravkin, A. Y. and Burke, J. V. and Drusvyatskiy, D. and Friedlander, M. P. and MacPhee, K. J.},
  year     = {2018},
  pages    = {2406–2434},
  language = {en}
}
   @book{Bhatia_1997,
  address      = {New York},
  title        = {Matrix analysis},
  isbn         = {9780387948461},
  publisher    = {Springer},
  author       = {Bhatia, Rajendra},
  year         = {1997},
  language     = {eng}
}
   @inproceedings{Boche_Jorswieck_2004,
  address   = {Chicago, Illinois, USA},
  title     = {Optimization of matrix monotone functions: saddle-point, worst case noise analysis, and applications},
  isbn      = {9780780382800},
  url       = {http://ieeexplore.ieee.org/document/1365097/},
  doi       = {10.1109/ISIT.2004.1365097},
  booktitle = {International Symposium onInformation Theory, 2004. ISIT 2004. Proceedings.},
  publisher = {IEEE},
  author    = {Boche, H. and Jorswieck, E.},
  year      = {2004},
  pages     = {60–60}
}
   @article{Chandrasekaran_Shah_2017,
  title    = {Relative entropy optimization and its applications},
  volume   = {161},
  url      = {http://link.springer.com/10.1007/s10107-016-0998-2},
  doi      = {10.1007/s10107-016-0998-2},
  number   = {1–2},
  journal  = {Mathematical Programming},
  author   = {Chandrasekaran, Venkat and Shah, Parikshit},
  year     = {2017},
  pages    = {1–32},
  language = {en}
}
   @inbook{Datta_2006,
  title     = {Course 9 Quantum entropy and quantum information},
  volume    = {83},
  isbn      = {9780444528131},
  url       = {https://linkinghub.elsevier.com/retrieve/pii/S0924809906800466},
  doi       = {10.1016/S0924-8099(06)80046-6},
  booktitle = {Les Houches},
  publisher = {Elsevier},
  author    = {Datta, Nilanjana},
  year      = {2006},
  pages     = {395–466},
  language  = {en}
}
   @article{Davis_1957,
  title    = {A Schwarz inequality for convex operator functions},
  volume   = {8},
  url      = {https://www.ams.org/proc/1957-008-01/S0002-9939-1957-0084120-4/},
  doi      = {10.1090/S0002-9939-1957-0084120-4},
  number   = {1},
  journal  = {Proceedings of the American Mathematical Society},
  author   = {Davis, Chandler},
  year     = {1957},
  pages    = {42–44},
  language = {en}
}
   @article{Dhillon_Tropp_2008,
  title    = {Matrix Nearness Problems with Bregman Divergences},
  volume   = {29},
  url      = {http://epubs.siam.org/doi/10.1137/060649021},
  doi      = {10.1137/060649021},
  number   = {4},
  journal  = {SIAM Journal on Matrix Analysis and Applications},
  author   = {Dhillon, Inderjit S. and Tropp, Joel A.},
  year     = {2008},
  pages    = {1120–1146},
  language = {en}
}
   @article{Ebadian_Nikoufar_EshaghiGordji_2011,
  title    = {Perspectives of matrix convex functions},
  volume   = {108},
  url      = {https://pnas.org/doi/full/10.1073/pnas.1102518108},
  doi      = {10.1073/pnas.1102518108},
  number   = {18},
  journal  = {Proceedings of the National Academy of Sciences},
  author   = {Ebadian, Ali and Nikoufar, Ismail and {Eshaghi Gordji}, Madjid},
  year     = {2011},
  month    = {May},
  pages    = {7313–7314},
  language = {en}
}
   
   @article{Effros_2009,
  title    = {A matrix convexity approach to some celebrated quantum inequalities},
  volume   = {106},
  url      = {https://pnas.org/doi/full/10.1073/pnas.0807965106},
  doi      = {10.1073/pnas.0807965106},
  number   = {4},
  journal  = {Proceedings of the National Academy of Sciences},
  author   = {Effros, Edward G.},
  year     = {2009},
  month    = {Jan},
  pages    = {1006–1008},
  language = {en}
}
   @article{Fawzi_Fawzi_2018,
  title   = {Efficient optimization of the quantum relative entropy},
  volume  = {51},
  url     = {https://iopscience.iop.org/article/10.1088/1751-8121/aab285},
  doi     = {10.1088/1751-8121/aab285},
  number  = {15},
  journal = {Journal of Physics A: Mathematical and Theoretical},
  author  = {Fawzi, Hamza and Fawzi, Omar},
  year    = {2018},
  month   = {Apr},
  pages   = {154003}
}
   @article{Fawzi_Saunderson_Parrilo_2019,
  title    = {Semidefinite Approximations of the Matrix Logarithm},
  volume   = {19},
  url      = {http://link.springer.com/10.1007/s10208-018-9385-0},
  doi      = {10.1007/s10208-018-9385-0},
  number   = {2},
  journal  = {Foundations of Computational Mathematics},
  author   = {Fawzi, Hamza and Saunderson, James and Parrilo, Pablo A.},
  year     = {2019},
  pages    = {259–296},
  language = {en}
}
   @article{Fulton_1997,
  title    = {Eigenvalues of sums of hermitian matrices},
  volume   = {40},
  url      = {https://eudml.org/doc/110247},
  journal  = {Séminaire Bourbaki},
  author   = {Fulton, William},
  year     = {1997},
  pages    = {255–269},
  language = {eng}
}
   @article{Gissler_Hoheisel_2022,
  title    = {A note on the K -epigraph},
  url      = {https://www.tandfonline.com/doi/full/10.1080/02331934.2022.2057850},
  doi      = {10.1080/02331934.2022.2057850},
  journal  = {Optimization},
  author   = {Gissler, Armand and Hoheisel, Tim},
  year     = {2022},
  month    = {Apr},
  pages    = {1–35},
  language = {en}
}
   @article{Hansen_Pedersen_2003,
  title    = {JENSEN’S OPERATOR INEQUALITY},
  volume   = {35},
  url      = {http://doi.wiley.com/10.1112/S0024609303002200},
  doi      = {10.1112/S0024609303002200},
  number   = {04},
  journal  = {Bulletin of the London Mathematical Society},
  author   = {Hansen, Frank and Pedersen, Gert K.},
  year     = {2003},
  pages    = {553–564},
  language = {en}
}
   @article{Helton_Nie_Semko_2015,
  title    = {Free semidefinite representation of matrix power functions},
  volume   = {465},
  url      = {https://linkinghub.elsevier.com/retrieve/pii/S0024379514006351},
  doi      = {10.1016/j.laa.2014.09.038},
  journal  = {Linear Algebra and its Applications},
  author   = {Helton, J. William and Nie, Jiawang and Semko, Jeremy S.},
  year     = {2015},
  pages    = {347–362},
  language = {en}
}
   @book{Higham_1988,
  title     = {Matrix nearness problems and applications},
  url       = {https://www.maths.manchester.ac.uk/~higham/narep/narep161.pdf},
  publisher = {University of Manchester. Department of Mathematics},
  author    = {Higham, Nicholas J},
  year      = {1988},
  language  = {en}
}
   @article{Holevo_1998,
  title        = {Coding Theorems for Quantum Channels},
  volume       = {53},
  url          = {http://arxiv.org/abs/quant-ph/9809023},
  doi          = {10.1070/RM1998v053n06ABEH000091},
  abstractnote = {The more than thirty years old issue of the (classical) information capacity of quantum communication channels was dramatically clarified during the last years, when a number of direct quantum coding theorems was discovered. The present paper gives a self contained treatment of the subject, following as much in parallel as possible with classical information theory and, on the other side, stressing profound differences of the quantum case. An emphasis is made on recent results, such as general quantum coding theorems including cases of infinite (possibly continuous) alphabets and constrained inputs, reliability function for pure state channels and quantum Gaussian channel. Several still unsolved problems are briefly outlined.},
  note         = {arXiv:quant-ph/9809023},
  number       = {6},
  journal      = {Russian Mathematical Surveys},
  author       = {Holevo, Alexander S.},
  year         = {1998},
  month        = {Dec},
  pages        = {1295–1331}
}
   @book{Horn_Johnson_2017,
  address   = {New York, NY},
  edition   = {Second edition, corrected reprint},
  title     = {Matrix analysis},
  isbn      = {9780521548236 9780521839402},
  publisher = {Cambridge University Press},
  author    = {Horn, Roger A. and Johnson, Charles R.},
  year      = {2017},
  language  = {eng}
}
   @article{Hu_Im_Lin_Lütkenhaus_Wolkowicz_2022,
  title        = {Robust Interior Point Method for Quantum Key Distribution Rate Computation},
  volume       = {6},
  url          = {https://quantum-journal.org/papers/q-2022-09-08-792/},
  doi          = {10.22331/q-2022-09-08-792},
  abstractnote = {Security proof methods for quantum key distribution, QKD, that are based on the numerical key rate calculation problem, are powerful in principle. However, the practicality of the methods are limited by computational resources and the efficiency and accuracy of the underlying algorithms for convex optimization. We derive a stable reformulation of the convex nonlinear semidefinite programming, SDP, model for the key rate calculation problems. We use this to develop an efficient, accurate algorithm. The stable reformulation is based on novel forms of facial reduction, FR, for both the linear constraints and nonlinear quantum relative entropy objective function. This allows for a Gauss-Newton type interior-point approach that avoids the need for perturbations to obtain strict feasibility, a technique currently used in the literature. The result is high accuracy solutions with theoretically proven lower bounds for the original QKD from the FR stable reformulation. This provides novel contributions for FR for general SDP. We report on empirical results that dramatically improve on speed and accuracy, as well as solving previously intractable problems.},
  journal      = {Quantum},
  author       = {Hu, Hao and Im, Jiyoung and Lin, Jie and Lütkenhaus, Norbert and Wolkowicz, Henry},
  year         = {2022},
  month        = {Sep},
  pages        = {792},
  language     = {en}
}
   @article{Ikramov_1993,
  title    = {Matrix pencils: Theory, applications, and numerical methods},
  volume   = {64},
  url      = {http://link.springer.com/10.1007/BF01098963},
  doi      = {10.1007/BF01098963},
  number   = {2},
  journal  = {Journal of Soviet Mathematics},
  author   = {Ikramov, Kh. D.},
  year     = {1993},
  pages    = {783–853},
  language = {en}
}
   @article{Jorswieck_Boche_2006,
  title    = {Majorization and Matrix-Monotone Functions in Wireless Communications},
  volume   = {3},
  url      = {http://www.nowpublishers.com/article/Details/CIT-026},
  doi      = {10.1561/0100000026},
  number   = {6},
  journal  = {Foundations and Trends® in Communications and Information Theory},
  author   = {Jorswieck, Eduard and Boche, Holger},
  year     = {2006},
  pages    = {553–701},
  language = {en}
}
   @article{Knutson_Tao_2000,
  title        = {Honeycombs and sums of Hermitian matrices},
  url          = {https://arxiv.org/abs/math/0009048},
  doi          = {10.48550/ARXIV.MATH/0009048},
  abstractnote = {Horn’s conjecture, which given the spectra of two Hermitian matrices describes the possible spectra of the sum, was recently settled in the affirmative. In this survey we discuss one of the many steps in this, which required us to introduce a combinatorial gadget called a {em honeycomb}; the question is then reformulable as about the existence of honeycombs with certain boundary conditions. Another important tool is the connection to the representation theory of the group U(n), by ``classical vs. quantum’’ analogies.},
  author       = {Knutson, Allen and Tao, Terence},
  year         = {2000}
}
   
   @article{Koltchinskii_2011,
  title   = {Von Neumann Entropy Penalization and Low-Rank Matrix Estimation},
  volume  = {39},
  url     = {https://www.jstor.org/stable/41713604},
  number  = {6},
  journal = {The Annals of Statistics},
  author  = {Koltchinskii, Vladimir},
  year    = {2011},
  pages   = {2936–2973}
}
   
   @article{Lewis_1996,
  title    = {Convex Analysis on the Hermitian Matrices},
  volume   = {6},
  url      = {http://epubs.siam.org/doi/10.1137/0806009},
  doi      = {10.1137/0806009},
  number   = {1},
  journal  = {SIAM Journal on Optimization},
  author   = {Lewis, A. S.},
  year     = {1996},
  pages    = {164–177},
  language = {en}
}
   @article{Lewis_2003,
  title    = {The mathematics of eigenvalue optimization},
  volume   = {97},
  url      = {http://link.springer.com/10.1007/s10107-003-0441-3},
  doi      = {10.1007/s10107-003-0441-3},
  number   = {1},
  journal  = {Mathematical Programming},
  author   = {Lewis, A.S.},
  year     = {2003},
  pages    = {155–176},
  language = {en}
}
   @article{Lieb_1973,
  title    = {Convex trace functions and the Wigner-Yanase-Dyson conjecture},
  volume   = {11},
  url      = {https://linkinghub.elsevier.com/retrieve/pii/000187087390011X},
  doi      = {10.1016/0001-8708(73)90011-X},
  number   = {3},
  journal  = {Advances in Mathematics},
  author   = {Lieb, Elliott H},
  year     = {1973},
  pages    = {267–288},
  language = {en}
}
   @article{Lieb_Ruskai_1973,
  title    = {Proof of the strong subadditivity of quantum‐mechanical entropy},
  volume   = {14},
  url      = {http://aip.scitation.org/doi/10.1063/1.1666274},
  doi      = {10.1063/1.1666274},
  number   = {12},
  journal  = {Journal of Mathematical Physics},
  author   = {Lieb, Elliott H. and Ruskai, Mary Beth},
  year     = {1973},
  pages    = {1938–1941},
  language = {en}
}
   @article{Lindsey_2023,
  title        = {Fast randomized entropically regularized semidefinite programming},
  url          = {https://arxiv.org/abs/2303.12133},
  doi          = {10.48550/ARXIV.2303.12133},
  abstractnote = {We develop a practical approach to semidefinite programming (SDP) that includes the von Neumann entropy, or an appropriate variant, as a regularization term. In particular we solve the dual of the regularized program, demonstrating how a carefully chosen randomized trace estimator can be used to estimate dual gradients effectively. We also introduce specialized optimization approaches for common SDP, specifically SDP with diagonal constraint and the problem of the determining the spectral projector onto the span of extremal eigenvectors. We validate our approach on such problems with applications to combinatorial optimization and spectral embedding.},
  author       = {Lindsey, Michael},
  year         = {2023},
  journal      = {preprint}
}
   @article{McMath_Sims_Hallum_1980,
  title    = {A comparison of various derivatives for matrix valued functions},
  volume   = {6},
  url      = {https://linkinghub.elsevier.com/retrieve/pii/0898122180900255},
  doi      = {10.1016/0898-1221(80)90025-5},
  number   = {2},
  journal  = {Computers \& Mathematics with Applications},
  author   = {McMath, John S. and Sims, S.E. and Hallum, C.R.},
  year     = {1980},
  pages    = {161-166},
  language = {en}
}
   @article{Moretti_2015,
  title        = {Mathematical Foundations of Quantum Mechanics: An Advanced Short Course},
  url          = {https://arxiv.org/abs/1508.06951},
  doi          = {10.48550/ARXIV.1508.06951},
  abstractnote = {This paper collects and extends the lectures I gave at the “XXIV International Fall Workshop on Geometry and Physics” held in Zaragoza (Spain) August 31 - September 4, 2015. Within these lectures I review the formulation of Quantum Mechanics, and quantum theories in general, from a mathematically advanced viewpoint, essentially based on the orthomodular lattice of elementary propositions, discussing some fundamental ideas, mathematical tools and theorems also related to the representation of physical symmetries. The final step consists of an elementary introduction the so-called (C*-) algebraic formulation of quantum theories.},
  author       = {Moretti, Valter},
  year         = {2015}
}
   @book{Müller_2007,
  address   = {Berlin, Heidelberg},
  edition   = {1},
  title     = {A History of Thermodynamics},
  isbn      = {9783540462262},
  url       = {http://link.springer.com/10.1007/978-3-540-46227-9},
  doi       = {10.1007/978-3-540-46227-9},
  publisher = {Springer Berlin Heidelberg},
  author    = {Müller, Ingo},
  year      = {2007},
  language  = {en}
}
   @book{Nielsen_Chuang_2012,
  edition      = {1},
  title        = {Quantum Computation and Quantum Information: 10th Anniversary Edition},
  isbn         = {9781107002173 9780511976667},
  url          = {https://www.cambridge.org/core/product/identifier/9780511976667/type/book},
  doi          = {10.1017/CBO9780511976667},
  abstractnote = {One of the most cited books in physics of all time, Quantum Computation and Quantum Information remains the best textbook in this exciting field of science. This 10th anniversary edition includes an introduction from the authors setting the work in context. This comprehensive textbook describes such remarkable effects as fast quantum algorithms, quantum teleportation, quantum cryptography and quantum error-correction. Quantum mechanics and computer science are introduced before moving on to describe what a quantum computer is, how it can be used to solve problems faster than “classical” computers and its real-world implementation. It concludes with an in-depth treatment of quantum information. Containing a wealth of figures and exercises, this well-known textbook is ideal for courses on the subject, and will interest beginning graduate students and researchers in physics, computer science, mathematics, and electrical engineering.},
  publisher    = {Cambridge University Press},
  author       = {Nielsen, Michael A. and Chuang, Isaac L.},
  year         = {2012},
  month        = {Jun}
}
   @book{Ohya_Petz_2004,
  address    = {Berlin ; New York},
  edition    = {Corr. 2nd print},
  series     = {Texts and monographs in physics},
  title      = {Quantum entropy and its use},
  isbn       = {9783540208068},
  callnumber = {QC174.85.Q83 O36 2004},
  publisher  = {Springer},
  author     = {Ohya, Masanori and Petz, Dénes},
  year       = {2004},
  collection = {Texts and monographs in physics}
}
   @article{Pavlov_2023,
  title        = {Logarithmically Sparse Symmetric Matrices},
  url          = {https://arxiv.org/abs/2301.10042},
  doi          = {10.48550/ARXIV.2301.10042},
  abstractnote = {A positive definite matrix is called logarithmically sparse if its matrix logarithm has many zero entries. Such matrices play a significant role in high-dimensional statistics and semidefinite optimization. In this paper, logarithmically sparse matrices are studied from the point of view of computational algebraic geometry: we present a formula for the dimension of the Zariski closure of a set of matrices with a given logarithmic sparsity pattern, give a degree bound for this variety and develop implicitization algorithms that allow to find its defining equations. We illustrate our approach with numerous examples.},
  author       = {Pavlov, Dmitrii},
  year         = {2023},
  journal      = {preprint}
}

   
   @article{Pavlov_Sturmfels_Telen_2023,
  title        = {Gibbs manifolds},
  url          = {https://link.springer.com/10.1007/s41884-023-00111-2},
  doi          = {10.1007/s41884-023-00111-2},
  abstractnote = {Abstract Gibbs manifolds are images of affine spaces of symmetric matrices under the exponential map. They arise in applications such as optimization, statistics and quantum physics, where they extend the ubiquitous role of toric geometry. The Gibbs variety is the zero locus of all polynomials that vanish on the Gibbs manifold. We compute these polynomials and show that the Gibbs variety is low-dimensional. Our theory is applied to a wide range of scenarios, including matrix pencils and quantum optimal transport.},
  note         = {Citation Key: pavlov\_GibbsManifolds\_2023},
  journal      = {Information Geometry},
  author       = {Pavlov, Dmitrii and Sturmfels, Bernd and Telen, Simon},
  year         = {2023},
  month        = {Jul},
  language     = {en}
}


   
   @article{Perales_2020,
  title  = {Spectral theorem for bounded self adjoint operators with projection valued measures},
  url    = {https://web.ma.utexas.edu/users/drp/files/Fall2020Projects/Perales\%20DRP\%20-\%20Samuel\%20Perales.pdf},
  author = {Perales, Samuel},
  year   = {2020},
  month  = {Dec}
}
   
   @article{Shannon_1948,
  title    = {A Mathematical Theory of Communication},
  volume   = {27},
  url      = {https://people.math.harvard.edu/~ctm/home/text/others/shannon/entropy/entropy.pdf},
  doi      = {10.1002/j.1538-7305.1948.tb01338.x},
  number   = {3},
  journal  = {Bell System Technical Journal},
  author   = {Shannon, C. E.},
  year     = {1948},
  pages    = {379–423},
  language = {en}
}
   @article{Tropp_2012,
  title    = {From joint convexity of quantum relative entropy to a concavity theorem of Lieb},
  volume   = {140},
  url      = {http://www.ams.org/jourcgi/jour-getitem?pii=S0002-9939-2011-11141-9},
  doi      = {10.1090/S0002-9939-2011-11141-9},
  number   = {5},
  journal  = {Proceedings of the American Mathematical Society},
  author   = {Tropp, Joel A.},
  year     = {2012},
  month    = {May},
  pages    = {1757–1760},
  language = {en}
}
   @article{Umegaki_1962,
  title   = {Entropy functionals in stationary channels},
  volume  = {38},
  url     = {https://projecteuclid.org/journals/proceedings-of-the-japan-academy-series-a-mathematical-sciences/volume-38/issue-9/Entropy-functionals-in-stationary-channels/10.3792/pja/1195523243.full},
  doi     = {10.3792/pja/1195523243},
  number  = {9},
  journal = {Proceedings of the Japan Academy, Series A, Mathematical Sciences},
  author  = {Umegaki, Hisaharu},
  year    = {1962},
  month   = {Jan}
}
   
   @book{VonNeumann_Beyer_Wheeler_2018,
  address    = {Princeton},
  edition    = {New edition},
  title      = {Mathematical foundations of quantum mechanics},
  isbn       = {9780691178561 9780691178578},
  callnumber = {QC174.3 .V613 2018},
  publisher  = {Princeton University Press},
  author     = {Von Neumann, John and Beyer, Robert T. and Wheeler, Nicholas A.},
  year       = {2018},
  language   = {eng}
}
   
   @article{Wehrl_1978,
  title    = {General properties of entropy},
  volume   = {50},
  url      = {https://link.aps.org/doi/10.1103/RevModPhys.50.221},
  doi      = {10.1103/RevModPhys.50.221},
  number   = {2},
  journal  = {Reviews of Modern Physics},
  author   = {Wehrl, Alfred},
  year     = {1978},
  month    = {Apr},
  pages    = {221–260},
  language = {en}
}
   @phdthesis{Winkler_1996,
  title    = {Matrix Convexity},
  school   = {University of California Los Angeles},
  author   = {Winkler, Soren},
  year     = {1996},
  language = {en}
}
   @article{Winkler_1999,
  title   = {The non-commutative Legendre-Fenchel transform},
  volume  = {85},
  url     = {http://www.mscand.dk/article/view/13883},
  doi     = {10.7146/math.scand.a-13883},
  number  = {1},
  journal = {MATHEMATICA SCANDINAVICA},
  author  = {Winkler, Søren},
  year    = {1999},
  month   = {Sep},
  pages   = {30}
}

   @book{Nielsen_Bhatia_2013,
  address   = {Berlin, Heidelberg},
  title     = {Matrix Information Geometry},
  isbn      = {978-3-642-30231-2 978-3-642-30232-9},
  url       = {https://link.springer.com/10.1007/978-3-642-30232-9},
  doi       = {10.1007/978-3-642-30232-9},
  note      = {Citation Key: nielsen\_MatrixInformationGeometry\_2013},
  publisher = {Springer Berlin Heidelberg},
  author    = {Nielsen, Frank and Bhatia, Rajendra},
  year      = {2013},
  language  = {en}
}



   @book{Lee_2013,
  address      = {New York},
  edition      = {Second edition},
  title        = {Introduction to smooth manifolds},
  isbn         = {9781441999818},
  abstractnote = {This book is an introductory graduate-level textbook on the theory of smooth manifolds. Its goal is to familiarize students with the tools they will need in order to use manifolds in mathematical or scientific research--smooth structures, tangent vectors and covectors, vector bundles, immersed and embedded submanifolds, tensors, differential forms, de Rham cohomology, vector fields, flows, foliations, Lie derivatives, Lie groups, Lie algebras, and more. The approach is as concrete as possible, with pictures and intuitive discussions of how one should think geometrically about the abstract concepts, while making full use of the powerful tools that modern mathematics has to offer. This second edition has been extensively revised and clarified, and the topics have been substantially rearranged. The book now introduces the two most important analytic tools, the rank theorem and the fundamental theorem on flows, much earlier so that they can be used throughout the book. A few new topics have been added, notably Sard’s theorem and transversality, a proof that infinitesimal Lie group actions generate global group actions, a more thorough study of first-order partial differential equations, a brief treatment of degree theory for smooth maps between compact manifolds, and an introduction to contact structures. Prerequisites include a solid acquaintance with general topology, the fundamental group, and covering spaces, as well as basic undergraduate linear algebra and real analysis},
  publisher    = {Springer},
  author       = {Lee, John M.},
  year         = {2013},
  language     = {eng}
}

   @article{Lewis_Sendov_2001,
  title    = {Twice Differentiable Spectral Functions},
  volume   = {23},
  url      = {http://epubs.siam.org/doi/10.1137/S089547980036838X},
  doi      = {10.1137/S089547980036838X},
  note     = {Citation Key: lewis\_TwiceDifferentiableSpectral\_2001},
  number   = {2},
  journal  = {SIAM Journal on Matrix Analysis and Applications},
  author   = {Lewis, Adrian S. and Sendov, Hristo S.},
  year     = {2001},
  pages    = {368-386},
  language = {en}
}

 @article{Aravkin_Burke_Drusvyatskiy_Friedlander_MacPhee_2018,
  title    = {Foundations of Gauge and Perspective Duality},
  volume   = {28},
  url      = {https://epubs.siam.org/doi/10.1137/17M1119020},
  doi      = {10.1137/17M1119020},
  number   = {3},
  journal  = {SIAM Journal on Optimization},
  author   = {Aravkin, A. Y. and Burke, J. V. and Drusvyatskiy, D. and Friedlander, M. P. and MacPhee, K. J.},
  year     = {2018},
  pages    = {2406–2434},
  language = {en}
}
   
   @book{Boyd_Vandenberghe_2004,
  address    = {Cambridge, UK; New York},
  title      = {Convex optimization},
  isbn       = {9780521833783},
  callnumber = {QA402.5 .B69 2004},
  publisher  = {Cambridge University Press},
  author     = {Boyd, Stephen P. and Vandenberghe, Lieven},
  year       = {2004}
}
   
   @article{Combettes_2018,
  title  = {Perspective Functions: Properties, Constructions, and Examples},
  url    = {https://pcombet.math.ncsu.edu/svva4.pdf},
  author = {Combettes, Patrick}
}
   
   @article{Friedlander_Macêdo_Pong_2014,
  title    = {Gauge Optimization and Duality},
  volume   = {24},
  url      = {http://epubs.siam.org/doi/10.1137/130940785},
  doi      = {10.1137/130940785},
  number   = {4},
  journal  = {SIAM Journal on Optimization},
  author   = {Friedlander, Michael P. and Macêdo, Ives and Pong, Ting Kei},
  year     = {2014},
  pages    = {1999–2022},
  language = {en}
}
   
   @article{Goberna_Gonzalez_Martinez-Legaz_Todorov_2010,
  title        = {Motzkin decomposition of closed convex sets},
  volume       = {364},
  url          = {https://www.sciencedirect.com/science/article/pii/S0022247X0900835X},
  doi          = {10.1016/j.jmaa.2009.10.015},
  abstractnote = {Theodore Motzkin proved, in 1936, that any polyhedral convex set can be expressed as the (Minkowski) sum of a polytope and a polyhedral convex cone. T…},
  number       = {1},
  journal      = {Journal of Mathematical Analysis and Applications},
  author       = {Goberna, M. A. and Gonzalez, E. and Martinez-Legaz, J. E. and Todorov, M. I.},
  year         = {2010},
  month        = {Apr},
  pages        = {209–221},
  language     = {en}
}
   
   @article{Goberna_Martínez-Legaz_Todorov_2010,
  title    = {On Motzkin decomposable sets and functions},
  volume   = {372},
  url      = {https://linkinghub.elsevier.com/retrieve/pii/S0022247X10005706},
  doi      = {10.1016/j.jmaa.2010.07.007},
  number   = {2},
  journal  = {Journal of Mathematical Analysis and Applications},
  author   = {Goberna, M.A. and Martínez-Legaz, J.E. and Todorov, M.I.},
  year     = {2010},
  pages    = {525–537},
  language = {en}
}
   
@article{Goberna_Ridolfi_VeradeSerio_2020,
  title    = {Selected Applications of Linear Semi-Infinite Systems Theory},
  volume   = {48},
  url      = {https://link.springer.com/10.1007/s10013-020-00415-1},
  doi      = {10.1007/s10013-020-00415-1},
  number   = {3},
  journal  = {Vietnam Journal of Mathematics},
  author   = {Goberna, Miguel A. and Ridolfi, Andrea B. and Vera de Serio, Virginia N.},
  year     = {2020},
  pages    = {439-470},
  language = {en}
}
   
@article{Martínez-Legaz_Thibault_2019,
  title    = {A subdifferential characterization of Motzkin decomposable functions},
  volume   = {68},
  url      = {https://www.tandfonline.com/doi/full/10.1080/02331934.2017.1339705},
  doi      = {10.1080/02331934.2017.1339705},
  number   = {7},
  journal  = {Optimization},
  author   = {Martínez-Legaz, J. E. and Thibault, L.},
  year     = {2019},
  month    = {Jul},
  pages    = {1279–1287},
  language = {en}
}
   
@book{Orlitzky_2021,
  title  = {Euclidean Jordan Algebras for Optimisation},
  url    = {http://michael.orlitzky.com/books/euclidean\_jordan\_algebras\_for\_optimization.pdf},
  author = {Orlitzky, Michael},
  year   = {2021}
}
   
@article{Postolica_1986,
  title   = {A generalization of Fenchel's duality theorem},
  volume  = {10},
  url     = {http://www.labmath.uqam.ca/~annales/volumes/10-2/PDF/199-206.pdf},
  number  = {2},
  journal = {Annales des Sciences Mathematiques du Quebec},
  author  = {Postolica, Valise},
  year    = {1986},
  pages   = {199–206}
}
   
@book{Rockafellar_2015,
  address   = {Princeton},
  title     = {Convex Analysis},
  isbn      = {9781400873173},
  publisher = {Princeton University Press},
  author    = {Rockafellar, Ralph Tyrell},
  year      = {2015},
  language  = {eng}
}
   
@article{Wen_Yin_2013,
  title    = {A feasible method for optimization with orthogonality constraints},
  volume   = {142},
  url      = {http://link.springer.com/10.1007/s10107-012-0584-1},
  doi      = {10.1007/s10107-012-0584-1},
  number   = {1–2},
  journal  = {Mathematical Programming},
  author   = {Wen, Zaiwen and Yin, Wotao},
  year     = {2013},
  pages    = {397–434},
  language = {en}
}



   @article{Freund_1987,
  title    = {Dual gauge programs, with applications to quadratic programming and the minimum-norm problem},
  volume   = {38},
  url      = {http://link.springer.com/10.1007/BF02591851},
  doi      = {10.1007/BF02591851},
  number   = {1},
  journal  = {Mathematical Programming},
  author   = {Freund, Robert M.},
  year     = {1987},
  pages    = {47–67},
  language = {en}
}
   
   @article{McLinden_1978,
  title    = {Symmetric duality for structured convex programs},
  volume   = {245},
  url      = {https://www.ams.org/tran/1978-245-00/S0002-9947-1978-0511404-3/},
  doi      = {10.1090/S0002-9947-1978-0511404-3},
  number   = {0},
  journal  = {Transactions of the American Mathematical Society},
  author   = {McLinden, L.},
  year     = {1978},
  pages    = {147–181},
  language = {en}
}



   @article{Araújo_Huber_Navascués_Pivoluska_Tavakoli_2023,
  title    = {Quantum key distribution rates from semidefinite programming},
  volume   = {7},
  url      = {https://quantum-journal.org/papers/q-2023-05-24-1019/},
  doi      = {10.22331/q-2023-05-24-1019},
  note     = {Citation Key: araujo\_QuantumKeyDistribution\_2023},
  journal  = {Quantum},
  author   = {Araújo, Mateus and Huber, Marcus and Navascués, Miguel and Pivoluska, Matej and Tavakoli, Armin},
  year     = {2023},
  month    = {May},
  pages    = {1019},
  language = {en}
}
   @article{Gisin_Ribordy_Tittel_Zbinden_2002,
  title    = {Quantum cryptography},
  volume   = {74},
  url      = {https://link.aps.org/doi/10.1103/RevModPhys.74.145},
  doi      = {10.1103/RevModPhys.74.145},
  note     = {Citation Key: gisin\_QuantumCryptography\_2002},
  number   = {1},
  journal  = {Reviews of Modern Physics},
  author   = {Gisin, Nicolas and Ribordy, Grégoire and Tittel, Wolfgang and Zbinden, Hugo},
  year     = {2002},
  month    = {Mar},
  pages    = {145-195},
  language = {en}
}

   @book{Higham_2008,
  title     = {Functions of Matrices: Theory and Computation},
  isbn      = {9780898716467 9780898717778},
  url       = {http://epubs.siam.org/doi/book/10.1137/1.9780898717778},
  doi       = {10.1137/1.9780898717778},
  publisher = {Society for Industrial and Applied Mathematics},
  author    = {Higham, Nicholas J.},
  year      = {2008},
  language  = {en}
}

   @misc{Ramdas_2008,
  title  = {Matrix exponential, Lieb's inequality, proof of connector lemma},
  url    = {https://www.stat.cmu.edu/~aramdas/martingales18/L6-Lieb's-inequality.pdf},
  note   = {Citation Key: ramdas\_MatrixExponentialLieb\_2008},
  author = {Ramdas, Aaditya},
  year   = {2008}
}




   @book{Marshall_Olkin_Arnold_2011,
  address    = {New York, NY},
  series     = {Springer Series in Statistics},
  title      = {Inequalities: Theory of Majorization and Its Applications},
  isbn       = {9780387400877 9780387682761},
  url        = {http://link.springer.com/10.1007/978-0-387-68276-1},
  doi        = {10.1007/978-0-387-68276-1},
  publisher  = {Springer New York},
  author     = {Marshall, Albert W. and Olkin, Ingram and Arnold, Barry C.},
  year       = {2011},
  collection = {Springer Series in Statistics}
}



   @book{Evans_Gariepy_2015, edition={0}, title={Measure Theory and Fine Properties of Functions, Revised Edition}, ISBN={9781482242393}, url={https://www.taylorfrancis.com/books/9781482242393}, DOI={10.1201/b18333}, publisher={Chapman and Hall/CRC}, author={Evans, Lawrence Craig and Gariepy, Ronald F.}, year={2015}, month={Apr}, language={en} }



   @article{Pirandola_Andersen_Banchi_Berta_Bunandar_Colbeck_Englund_Gehring_Lupo_Ottaviani_2020, title={Advances in quantum cryptography}, volume={12}, url={https://opg.optica.org/abstract.cfm?URI=aop-12-4-1012}, DOI={10.1364/AOP.361502}, journal={Advances in Optics and Photonics}, author={Pirandola, S. and Andersen, U. L. and Banchi, L. and Berta, M. and Bunandar, D. and Colbeck, R. and Englund, D. and Gehring, T. and Lupo, C. and Ottaviani, C. and Pereira, J. L. and Razavi, M. and Shamsul Shaari, J. and Tomamichel, M. and Usenko, V. C. and Vallone, G. and Villoresi, P. and Wallden, P.}, year={2020}, month={Dec}, pages={1012}, language={en} }



   @article{Devetak_Winter_2005, title={Distillation of secret key and entanglement from quantum states}, volume={461}, url={https://royalsocietypublishing.org/doi/10.1098/rspa.2004.1372}, DOI={10.1098/rspa.2004.1372}, number={2053}, journal={Proceedings of the Royal Society A: Mathematical, Physical and Engineering Sciences}, author={Devetak, Igor and Winter, Andreas}, year={2005}, month={Jan}, pages={207–235}, language={en} }




   @article{Winick_Lütkenhaus_Coles_2018, title={Reliable numerical key rates for quantum key distribution}, volume={2}, url={https://quantum-journal.org/papers/q-2018-07-26-77/}, DOI={10.22331/q-2018-07-26-77}, journal={Quantum}, author={Winick, Adam and Lütkenhaus, Norbert and Coles, Patrick J.}, year={2018}, month={Jul}, pages={77}, language={en} }



   @article{Broadbent_Schaffner_2016, title={Quantum cryptography beyond quantum key distribution}, volume={78}, url={http://link.springer.com/10.1007/s10623-015-0157-4}, DOI={10.1007/s10623-015-0157-4}, number={1}, journal={Designs, Codes and Cryptography}, author={Broadbent, Anne and Schaffner, Christian}, year={2016}, pages={351–382}, language={en} }



   @article{Fang_Fawzi_2021, title={Geometric Rényi Divergence and its Applications in Quantum Channel Capacities}, volume={384}, url={https://link.springer.com/10.1007/s00220-021-04064-4}, DOI={10.1007/s00220-021-04064-4}, number={3}, journal={Communications in Mathematical Physics}, author={Fang, Kun and Fawzi, Hamza}, year={2021}, pages={1615–1677}, language={en} }



   @book{Hayashi_2006, address={Berlin New York}, title={Quantum information: an introduction}, ISBN={9783540302667}, callNumber={004.1}, publisher={Springer}, author={Hayashi, Masahito}, year={2006}, language={eng} }



   @article{Fawzi_Fawzi_Harrow_Laurent_2022, title={Geometry and Optimization in Quantum Information}, volume={18}, url={https://ems.press/doi/10.4171/OWR/2021/49}, DOI={10.4171/OWR/2021/49}, number={4}, journal={Oberwolfach Reports}, author={Fawzi, Hamza and Fawzi, Omar and Harrow, Aram and Laurent, Monique}, year={2022}, month={Nov}, pages={2665–2720}, language={en} }



   @article{Cramer_Plenio_Flammia_Somma_Gross_Bartlett_Landon-Cardinal_Poulin_Liu_2010, title={Efficient quantum state tomography}, volume={1}, url={https://www.nature.com/articles/ncomms1147}, DOI={10.1038/ncomms1147}, number={1}, journal={Nature Communications}, author={Cramer, Marcus and Plenio, Martin B. and Flammia, Steven T. and Somma, Rolando and Gross, David and Bartlett, Stephen D. and Landon-Cardinal, Olivier and Poulin, David and Liu, Yi-Kai}, year={2010}, month={Dec}, pages={149}, language={en} }



   @article{Acharya_Kypraios_Guta_2019, title={A comparative study of estimation methods in quantum tomography}, volume={52}, url={https://iopscience.iop.org/article/10.1088/1751-8121/ab1958}, DOI={10.1088/1751-8121/ab1958}, number={23}, journal={Journal of Physics A: Mathematical and Theoretical}, author={Acharya, Anirudh and Kypraios, Theodore and Guţă, Mădălin}, year={2019}, month={Jun}, pages={234001} }



   @article{DeLasCuevas_Drescher_Netzer_2020, title={Quantum magic squares: Dilations and their limitations}, volume={61}, url={https://pubs.aip.org/jmp/article/61/11/111704/234732/Quantum-magic-squares-Dilations-and-their}, DOI={10.1063/5.0022344}, number={11}, journal={Journal of Mathematical Physics}, author={De Las Cuevas, Gemma and Drescher, Tom and Netzer, Tim}, year={2020}, month={Nov}, pages={111704}, language={en} }



   @article{Zurel_Okay_Raussendorf_2020, title={Hidden Variable Model for Universal Quantum Computation with Magic States on Qubits}, volume={125}, url={https://link.aps.org/doi/10.1103/PhysRevLett.125.260404}, DOI={10.1103/PhysRevLett.125.260404}, number={26}, journal={Physical Review Letters}, author={Zurel, Michael and Okay, Cihan and Raussendorf, Robert}, year={2020}, month={Dec}, pages={260404}, language={en} }



   @inproceedings{Watrous_2006, address={Seattle WA USA}, title={Zero-knowledge against quantum attacks}, ISBN={978-1-59593-134-4}, url={https://dl.acm.org/doi/10.1145/1132516.1132560}, DOI={10.1145/1132516.1132560}, booktitle={Proceedings of the thirty-eighth annual ACM symposium on Theory of Computing}, publisher={ACM}, author={Watrous, John}, year={2006}, month={May}, pages={296–305}, language={en} }



   @inbook{Unruh_2014, address={Berlin, Heidelberg}, title={Quantum Position Verification in the Random Oracle Model}, volume={8617}, ISBN={9783662443804 9783662443811}, url={http://link.springer.com/10.1007/978-3-662-44381-1_1}, DOI={10.1007/978-3-662-44381-1_1}, booktitle={Advances in Cryptology – CRYPTO 2014}, publisher={Springer Berlin Heidelberg}, author={Unruh, Dominique}, year={2014}, pages={1–18} }


   @phdthesis{Meyer_2007, address={Neustadt am Rubenberge}, title={Finite Key Analysis in Quantum Cryptography}, url={https://www.osti.gov/etdeweb/servlets/purl/21060515#:\~:text=The\%20efficiency\%20and\%20also\%20the,can\%20still\%20create\%20a\%20secret}, school={Heinrich-Heine-Universitat Dusseldorf}, author={Meyer, Tim}, year={2007}, month={Oct} }




   @inbook{Altepeter_James_Kwiat_2004, address={Berlin, Heidelberg}, title={4 Qubit Quantum State Tomography}, volume={649}, ISBN={9783540223290 9783540444817}, url={http://link.springer.com/10.1007/978-3-540-44481-7_4}, DOI={10.1007/978-3-540-44481-7\_4}, booktitle={Quantum State Estimation}, publisher={Springer Berlin Heidelberg}, author={Altepeter, Joseph B. and James, Daniel F.V. and Kwiat, Paul G.}, year={2004}, month={Aug}, pages={113–145} }



   @inproceedings{Brassard_2005, address={Awaji Island, Japan}, title={Brief history of quantum cryptography: a personal perspective}, ISBN={9780780394919}, url={http://ieeexplore.ieee.org/document/1543949/}, DOI={10.1109/ITWTPI.2005.1543949}, booktitle={IEEE Information Theory Workshop on Theory and Practice in Information-Theoretic Security, 2005.}, publisher={IEEE}, author={Brassard, G.}, year={2005}, pages={19–23} }



   @article{Bennett_Brassard_2014, title={Quantum cryptography: Public key distribution and coin tossing}, volume={560}, url={https://linkinghub.elsevier.com/retrieve/pii/S0304397514004241}, DOI={10.1016/j.tcs.2014.05.025}, journal={Theoretical Computer Science}, author={Bennett, Charles H. and Brassard, Gilles}, year={2014}, pages={7–11}, language={en} }



   @article{Horodecki_Horodecki_Horodecki_2000, title={Unified Approach to Quantum Capacities: Towards Quantum Noisy Coding Theorem}, volume={85}, url={https://link.aps.org/doi/10.1103/PhysRevLett.85.433}, DOI={10.1103/PhysRevLett.85.433}, number={2}, journal={Physical Review Letters}, author={Horodecki, Michał and Horodecki, Paweł and Horodecki, Ryszard}, year={2000}, month={Jul}, pages={433–436}, language={en} }



   @book{Paar_Pelzl_2010, address={Heidelberg; New York}, title={Understanding cryptography: a textbook for students and practitioners}, ISBN={9783642041006 9783642041013}, callNumber={Z104 .P33 2010}, publisher={Springer}, author={Paar, Christof and Pelzl, Jan}, year={2010} }



   @book{Griffiths_Schroeter_2018, edition={3}, title={Introduction to Quantum Mechanics}, ISBN={9781316995433 9781107189638}, url={https://www.cambridge.org/highereducation/product/9781316995433/book}, DOI={10.1017/9781316995433}, publisher={Cambridge University Press}, author={Griffiths, David J. and Schroeter, Darrell F.}, year={2018}, month={Aug} }



   @article{Schumacher_Nielsen_1996, title={Quantum data processing and error correction}, volume={54}, url={https://link.aps.org/doi/10.1103/PhysRevA.54.2629}, DOI={10.1103/PhysRevA.54.2629}, number={4}, journal={Physical Review A}, author={Schumacher, Benjamin and Nielsen, M. A.}, year={1996}, month={Oct}, pages={2629–2635}, language={en} }



   @article{Gyongyosi_Bacsardi_Imre_2019, title={A Survey on Quantum Key Distribution}, url={https://www.infocommunications.hu/2019\_2\_2}, DOI={10.36244/ICJ.2019.2.2}, number={2}, journal={Infocommunications journal}, author={Gyongyosi, Laszlo and Bacsardi, Laszlo and Imre, Sandor}, year={2019}, pages={14–21} }



   @article{Bunandar_Govia_Krovi_Englund_2020, title={Numerical finite-key analysis of quantum key distribution}, volume={6}, url={https://www.nature.com/articles/s41534-020-00322-w}, DOI={10.1038/s41534-020-00322-w}, number={1}, journal={npj Quantum Information}, author={Bunandar, Darius and Govia, Luke C. G. and Krovi, Hari and Englund, Dirk}, year={2020}, month={Dec}, pages={104-116} }



   @article{George_Lin_Lütkenhaus_2021, title={Numerical calculations of the finite key rate for general quantum key distribution protocols}, volume={3}, url={https://link.aps.org/doi/10.1103/PhysRevResearch.3.013274}, DOI={10.1103/PhysRevResearch.3.013274}, number={1}, journal={Physical Review Research}, author={George, Ian and Lin, Jie and Lütkenhaus, Norbert}, year={2021}, month={Mar}, pages={25}, language={en} }



   @article{Brown_Fawzi_Fawzi_2021, title={Computing conditional entropies for quantum correlations}, volume={12}, url={https://www.nature.com/articles/s41467-020-20018-1}, DOI={10.1038/s41467-020-20018-1}, number={1}, journal={Nature Communications}, author={Brown, Peter and Fawzi, Hamza and Fawzi, Omar}, year={2021}, month={Jan}, pages={575}, language={en} }


   @misc{MaxPlanckInstitute, title={The f(A)bulous workshop on matrix functions and exponential integrators}, url={https://indico3.mpi-magdeburg.mpg.de/event/30/https://indico3.mpi-magdeburg.mpg.de/event/30/}, journal={Indico}, author={Max Planck Institute for Dynamics of Complex Technical Systems}, language={English} }



   @article{Renner_2008, title={SECURITY OF QUANTUM KEY DISTRIBUTION}, volume={06}, url={https://www.worldscientific.com/doi/abs/10.1142/S0219749908003256}, DOI={10.1142/S0219749908003256}, number={01}, journal={International Journal of Quantum Information}, author={Renner, Renato}, year={2008}, pages={1–127}, language={en} }



   @book{Holevo_2001, address={Berlin, Heidelberg}, series={Lecture Notes in Physics Monographs}, title={Statistical Structure of Quantum Theory}, volume={67}, ISBN={9783540420828 9783540449980}, url={https://link.springer.com/10.1007/3-540-44998-1}, DOI={10.1007/3-540-44998-1}, publisher={Springer Berlin Heidelberg}, author={Holevo, Alexander S.}, year={2001}, collection={Lecture Notes in Physics Monographs}, language={en} }



   @inproceedings{Mayers_Yao_1998, address={Palo Alto, CA, USA}, title={Quantum cryptography with imperfect apparatus}, ISBN={9780818691720}, url={http://ieeexplore.ieee.org/document/743501/}, DOI={10.1109/SFCS.1998.743501}, booktitle={Proceedings 39th Annual Symposium on Foundations of Computer Science (Cat. No.98CB36280)}, publisher={IEEE Comput. Soc}, author={Mayers, D. and Yao, A.}, year={1998}, pages={503–509} }



   @book{Bonnans_Gilbert_Lemaréchal_Sagastizábal_2006, address={Berlin, Heidelberg}, series={Mathematics and Statistics (Springer-11649; ZDB-2-SMA)}, title={Numerical Optimization: Theoretical and Practical Aspects}, ISBN={9783540354475}, callNumber={518.028 5}, publisher={Springer Springer e-books}, author={Bonnans, J. Frédéric and Gilbert, J. Charles and Lemaréchal, Claude and Sagastizábal, Claudia A.}, year={2006}, collection={Mathematics and Statistics (Springer-11649; ZDB-2-SMA)}, language={eng} }



   @book{Hiriart-Urruty_Lemaréchal_2001, address={Berlin, Heidelberg}, title={Fundamentals of Convex Analysis}, ISBN={978-3-540-42205-1 978-3-642-56468-0}, url={http://link.springer.com/10.1007/978-3-642-56468-0}, DOI={10.1007/978-3-642-56468-0}, publisher={Springer Berlin Heidelberg}, author={Hiriart-Urruty, Jean-Baptiste and Lemaréchal, Claude}, year={2001}, language={en} }



   @book{Kadison_Ringrose_1992, address={Boston, MA}, title={Fundamentals of the Theory of Operator Algebras}, ISBN={9781461277385 9781461229681}, url={http://link.springer.com/10.1007/978-1-4612-2968-1}, DOI={10.1007/978-1-4612-2968-1}, publisher={Birkhäuser Boston}, author={Kadison, Richard V. and Ringrose, John R.}, year={1992}, language={en} }



   @article{Williamson_Vlatkovedral_2003, title={Eavesdropping on practical quantum cryptography}, volume={50}, url={http://www.tandfonline.com/doi/abs/10.1080/09500340308235253}, DOI={10.1080/09500340308235253}, number={13}, journal={Journal of Modern Optics}, author={Williamson, Mark and Vlatkovedral}, year={2003}, pages={1989–2011}, language={en} }

   @article{Garber_Kaplan_2022, title={On the Efficient Implementation of the Matrix Exponentiated Gradient Algorithm for Low-Rank Matrix Optimization}, url={http://pubsonline.informs.org/doi/10.1287/moor.2022.1332}, DOI={10.1287/moor.2022.1332}, journal={Mathematics of Operations Research}, author={Garber, Dan and Kaplan, Atara}, year={2022}, month=dec, pages={moor.2022.1332}, language={en} }



   @article{Tsuda_Rätsch_Warmuth_2005, title={Matrix Exponentiated Gradient Updates for On-line Learning and Bregman Projection}, volume={6}, url={http://jmlr.org/papers/v6/tsuda05a.html}, number={34}, journal={Journal of Machine Learning Research}, author={Tsuda, Koji and Rätsch, Gunnar and Warmuth, Manfred K.}, year={2005}, pages={995–1018} }


@article{PhysRevA.40.2847,
  title = {Determination of quasiprobability distributions in terms of probability distributions for the rotated quadrature phase},
  author = {Vogel, K. and Risken, H.},
  journal = {Phys. Rev. A},
  volume = {40},
  issue = {5},
  pages = {2847--2849},
  numpages = {0},
  year = {1989},
  month = {Sep},
  publisher = {American Physical Society},
  doi = {10.1103/PhysRevA.40.2847},
  url = {https://link.aps.org/doi/10.1103/PhysRevA.40.2847}
}


@article {state_estimation,
    author={M. G. A. Paris and J. Rehacek, ed.},
    year={2004},
    title={Quantum State Estimation},
    journal={Springer-Verlag},
    volume={60},
    number={6},
    pages={475},
    isbn={0029-0181},
}

@article{spin_chains,
    author={FANNES,M. and NACHTERGAELE,B. and WERNER,R. F.},
    year={1992},
    title={Finitely correlated states on quantum spin chains},
    journal={Communications in mathematical physics},
    volume={144},
    number={3},
    pages={443-490},
    keywords={46L60; 82B10; 82B23; Exact sciences and technology; Lattice theory and statistics (ising, potts, etc.); Physics; Statistical physics, thermodynamics, and nonlinear dynamical systems},
    isbn={0010-3616;1432-0916;},
    language={English},
}

@article{MPSs,

author={Perez-Garcia,D. and Verstraete,F. and Wolf,M. M. and Cirac,J. I.},

year={2006},

title={Matrix Product State Representations},

keywords={Physics - Quantum Physics},

language={English},

journal={Quantum Information \& Computation},

}

@article{bose,

author={Bose,Sougato},

year={2003},

title={Quantum communication through an unmodulated spin chain},

journal={Physical review letters},

volume={91},

number={20},

pages={207901-207901},

isbn={0031-9007},

language={English},

}



   @article{Cai_Candès_Shen_2010, title={A Singular Value Thresholding Algorithm for Matrix Completion}, volume={20}, url={https://epubs.siam.org/doi/10.1137/080738970}, DOI={10.1137/080738970}, number={4}, journal={SIAM Journal on Optimization}, author={Cai, Jian-Feng and Candès, Emmanuel J. and Shen, Zuowei}, year={2010}, pages={1956–1982}, language={en} }


@article{roman,

author={Orus,Roman},

year={2014},

title={A practical introduction to tensor networks: Matrix product states and projected entangled pair states},

journal={Annals of physics},

volume={349},

pages={117-158},

keywords={CLASSICAL AND QUANTUM MECHANICS, GENERAL PHYSICS; Entanglement; Lattices; Lectures; Mathematical analysis; Mathematical models; MPS; Networks; Numerical analysis; PAIRING INTERACTIONS; PEPS; QUANTUM ENTANGLEMENT; Quantum physics; Tensor networks; TENSORS},

isbn={0003-4916},

language={English},

}

@ARTICLE{2010arXiv1002.4632L,
       author = {{Landon-Cardinal}, Olivier and {Liu}, Yi-Kai and {Poulin}, David},
        title = "{Efficient Direct Tomography for Matrix Product States}",
      journal = {arXiv e-prints},
     keywords = {Quantum Physics},
         year = {2010},
        month = {feb},
          eid = {arXiv:1002.4632},
        pages = {arXiv:1002.4632},
          doi = {10.48550/arXiv.1002.4632},
archivePrefix = {arXiv},
       eprint = {1002.4632},
 primaryClass = {quant-ph},
       adsurl = {https://ui.adsabs.harvard.edu/abs/2010arXiv1002.4632L},
      adsnote = {Provided by the SAO/NASA Astrophysics Data System}
}

@ARTICLE{2010NatCo...1..149C,
       author = {{Cramer}, Marcus and {Plenio}, Martin B. and {Flammia}, Steven T. and {Somma}, Rolando and {Gross}, David and {Bartlett}, Stephen D. and {Landon-Cardinal}, Olivier and {Poulin}, David and {Liu}, Yi-Kai},
        title = "{Efficient quantum state tomography}",
      journal = {Nature Communications},
     keywords = {Quantum Physics},
         year = {2010},
        month = {dec},
       volume = {1},
       number = {9},
          eid = {149},
        pages = {149},
          doi = {10.1038/ncomms1147},
archivePrefix = {arXiv},
       eprint = {1101.4366},
 primaryClass = {quant-ph},
       adsurl = {https://ui.adsabs.harvard.edu/abs/2010NatCo...1..149C},
      adsnote = {Provided by the SAO/NASA Astrophysics Data System}
}


@article{sanz,
    author = {Sanz and Perez-Garcia and Wolf and Cirac},
    journal = {IEEE Transactions on Information Theory},
    year = {2010},
    volume = {56}
}

@article{Pérez-García_Sanz_González-Guillén_Wolf_Cirac_2010, title={Characterizing symmetries in a projected entangled pair state}, volume={12}, DOI={10.1088/1367-2630/12/2/025010}, number={2}, journal={New Journal of Physics}, author={Pérez-García, D and Sanz, M and González-Guillén, C E and Wolf, M M and Cirac, J I}, year={2010}, pages={025010}} 

@misc{Tu_2021, title={Tensor Networks (SS2021) - technische universität dresden}, url={https://tu-dresden.de/mn/physik/itp/ket/ressourcen/dateien/teach_folder/ss2021/skript/Lecture1.pdf}, journal={Tensor Networks (SS2021))}, publisher={Technische Universitat Dresden}, author={Hong-Hao Tu}, year={2021}, month={May}} 



   @article{Aharonov_Arad_Irani_2010, title={Efficient algorithm for approximating one-dimensional ground states}, volume={82}, url={https://link.aps.org/doi/10.1103/PhysRevA.82.012315}, DOI={10.1103/PhysRevA.82.012315}, number={1}, journal={Physical Review A}, author={Aharonov, Dorit and Arad, Itai and Irani, Sandy}, year={2010}, month={jul}, pages={012315}, language={en} }



   @article{Vidal_2003, title={Efficient Classical Simulation of Slightly Entangled Quantum Computations}, volume={91}, url={https://link.aps.org/doi/10.1103/PhysRevLett.91.147902}, DOI={10.1103/PhysRevLett.91.147902}, number={14}, journal={Physical Review Letters}, author={Vidal, Guifré}, year={2003}, month={oct}, pages={147902}, language={en} }


@ARTICLE{2016SJSC...38A1616F,
       author = {{Friedlander}, Michael P. and {Mac{\^e}do}, Ives},
        title = "{Low-Rank Spectral Optimization via Gauge Duality}",
      journal = {SIAM Journal on Scientific Computing},
     keywords = {Mathematics - Optimization and Control, Computer Science - Numerical Analysis, Mathematics - Numerical Analysis, 90C15, 90C25},
         year = {2016},
        month = {jan},
       volume = {38},
       number = {3},
        pages = {A1616-A1638},
          doi = {10.1137/15M1034283},
archivePrefix = {arXiv},
       eprint = {1508.00315},
 primaryClass = {math.OC}
}



   @book{Tomamichel_2016, address={Cham}, series={SpringerBriefs in Mathematical Physics}, title={Quantum Information Processing with Finite Resources}, volume={5}, ISBN={978-3-319-21890-8 978-3-319-21891-5}, url={http://link.springer.com/10.1007/978-3-319-21891-5}, DOI={10.1007/978-3-319-21891-5}, publisher={Springer International Publishing}, author={Tomamichel, Marco}, year={2016}, collection={SpringerBriefs in Mathematical Physics} }



   @article{Coles_Metodiev_Lütkenhaus_2016, title={Numerical approach for unstructured quantum key distribution}, volume={7}, url={https://www.nature.com/articles/ncomms11712}, DOI={10.1038/ncomms11712}, number={1}, journal={Nature Communications}, author={Coles, Patrick J. and Metodiev, Eric M. and Lütkenhaus, Norbert}, year={2016}, month={may}, pages={11712}, language={en} }



   @article{Coles_2012, title={Unification of different views of decoherence and discord}, volume={85}, url={https://link.aps.org/doi/10.1103/PhysRevA.85.042103}, DOI={10.1103/PhysRevA.85.042103}, number={4}, journal={Physical Review A}, author={Coles, Patrick J.}, year={2012}, month={apr}, pages={042103}, language={en} }



   @article{Salfi_2023, title={Physical Implementation of Quantum Computers}, publisher={EECE571S: Intro to Quantum Information and Computing}, author={Salfi, Joe}, year={2023}, month={sep} }



   @misc{Weisstein, type={Text}, title={Lambert W-Function}, url={https://mathworld.wolfram.com/},  author={Weisstein, Eric W.}, language={en} }



   @misc{Measurement-in-quantum-mechanics_2024, title={Measurement in quantum mechanics}, url={https://en.wikipedia.org/w/index.php?title=Measurement_in_quantum_mechanics&oldid=1204214011}, note={Page Version ID: 1204214011}, journal={Wikipedia}, year={2024}, month={feb}, language={en} }



   @misc{Quantum-entanglement_2024, title={Quantum entanglement}, url={https://en.wikipedia.org/w/index.php?title=Quantum_entanglement&oldid=1196168679}, note={Page Version ID: 1196168679}, journal={Wikipedia}, year={2024}, month={jan}, language={en} }



   @misc{Qubit_2024, title={Qubit}, url={https://en.wikipedia.org/w/index.php?title=Qubit&oldid=1208400062}, note={Page Version ID: 1208400062}, journal={Wikipedia}, year={2024}, month={feb}, language={en} }



   @article{Salfi-course_2023, address={University of British Columbia}, type={course}, title={Intro to Quantum Information and Computing}, author={Salfi, Joe}, year={2023}, month=sep }



   @article{Karimi_Tuncel_2023, title={Efficient Implementation of Interior-Point Methods for Quantum Relative Entropy}, url={https://arxiv.org/abs/2312.07438}, DOI={10.48550/ARXIV.2312.07438}, author={Karimi, Mehdi and Tuncel, Levent}, year={2023} }

   @article{Zhao_2022, title={The Generalized Multiplicative Gradient Method and Its Convergence Rate Analysis}, url={https://arxiv.org/abs/2207.13198}, DOI={10.48550/ARXIV.2207.13198}, author={Zhao, Renbo}, year={2022} }



   @article{Fawzi_Saunderson_2022, title={Optimal self-concordant barriers for quantum relative entropies}, url={https://arxiv.org/abs/2205.04581}, DOI={10.48550/ARXIV.2205.04581}, author={Fawzi, Hamza and Saunderson, James}, year={2022} }

@phdthesis{ketterer-tel-01502539,
  TITLE = {{Modular variables in quantum information}},
  AUTHOR = {Ketterer, Andreas},
  URL = {https://theses.hal.science/tel-01502539},
  SCHOOL = {{Universit{\'e} Paris 7, Sorbonne Paris Cit{\'e}}},
  YEAR = {2016},
  MONTH = Oct,
  TYPE = {Theses},
  PDF = {https://theses.hal.science/tel-01502539/file/phd_thesis_ketterer_2017.pdf},
  HAL_ID = {tel-01502539},
  HAL_VERSION = {v1},
}



@misc{Coles_Lütkenhaus_Lin_Metodiev_George_Li_Fang_Chemtov_Zhang_Böhm_et,
 title={Open QKD Security}, 
 url={https://openqkdsecurity.wordpress.com/}, 
 journal={Optical Quantum Communication Theory Group}, 
 author={Coles, Patrick and Lütkenhaus, Norbert and Lin, Jie and Metodiev, Eric and George, Ian and Li, Nicky Kai Hong and Fang, Kun and Chemtov, Max and Zhang, Yanbao and Böhm, Christopher and Winick, Adam and Thomas van Himbeeck and Wang, Wenyuan and Gu, Shouzhen (Bailey) and Mathur, Natansh and Upadhyaya, Twesh}, 
 language={en} }



@article{Scarani_Bechmann-Pasquinucci_Cerf_Dušek_Lütkenhaus_Peev_2009, title={The security of practical quantum key distribution}, volume={81}, url={https://link.aps.org/doi/10.1103/RevModPhys.81.1301}, DOI={10.1103/RevModPhys.81.1301}, number={3}, journal={Reviews of Modern Physics}, author={Scarani, Valerio and Bechmann-Pasquinucci, Helle and Cerf, Nicolas J. and Dušek, Miloslav and Lütkenhaus, Norbert and Peev, Momtchil}, year={2009}, month={sep}, pages={1301–1350}, language={en} }

