@InProceedings{HLB2015,
  author          = {Hallac, David and Leskovec, Jure and Boyd, Stephen},
  title           = {Network Lasso: Clustering and Optimization in Large Graphs},
  year            = 2015,
  booktitle       = {Proceedings of the 21th ACM SIGKDD International Conference
                  on Knowledge Discovery and Data Mining},
  series          = {KDD ’15},
  publisher       = {ACM},
  month           = aug,
  doi             = {10.1145/2783258.2783313},
  url             = {http://dx.doi.org/10.1145/2783258.2783313},
  collection      = {KDD ’15}
}

@Article{LS2019,
  author          = {Li, Furong and Sang, Huiyan},
  title           = {Spatial Homogeneity Pursuit of Regression Coefficients for
                  Large Datasets},
  journal         = {Journal of the American Statistical Association},
  year            = 2019,
  volume          = 114,
  number          = 527,
  month           = apr,
  pages           = {1050–1062},
  issn            = {1537-274X},
  doi             = {10.1080/01621459.2018.1529595},
  url             = {http://dx.doi.org/10.1080/01621459.2018.1529595},
  publisher       = {Informa UK Limited}
}

@Article{ZLZ2022,
  author          = {Zhang, Xin and Liu, Jia and Zhu, Zhengyuan},
  title           = {Learning Coefficient Heterogeneity over Networks: A
                  Distributed Spanning-Tree-Based Fused-Lasso Regression},
  journal         = {Journal of the American Statistical Association},
  year            = 2022,
  month           = dec,
  pages           = {1–13},
  issn            = {1537-274X},
  doi             = {10.1080/01621459.2022.2126363},
  url             = {http://dx.doi.org/10.1080/01621459.2022.2126363},
  publisher       = {Informa UK Limited}
}

@Article{WZL2022,
  title={Heterogeneous Federated Learning on a Graph},
  author={Wang, Huiyuan and Zhao, Xuyang and Lin, Wei},
  journal={arXiv preprint arXiv:2209.08737},
  year={2022}
}

@Article{LXL2023,
  author          = {Li, Xiuxian and Xie, Lihua and Li, Na},
  title           = {A survey on distributed online optimization and online
                  games},
  journal         = {Annual Reviews in Control},
  year            = 2023,
  volume          = 56,
  pages           = 100904,
  issn            = {1367-5788},
  doi             = {10.1016/j.arcontrol.2023.100904},
  url             = {http://dx.doi.org/10.1016/j.arcontrol.2023.100904},
  publisher       = {Elsevier BV}
}

@Book{H2021,
  author          = {Hazan, Elad},
  title           = {Introduction to Online Convex Optimization},
  year            = 2021,
  publisher       = {now Publishers Inc},
  isbn            = 9781680831719,
  doi             = {10.1561/9781680831719},
  url             = {http://dx.doi.org/10.1561/9781680831719}
}

@Article{CBDELPZ2023,
  author          = {Cao, Xuanyu and Başar, Tamer and Diggavi, Suhas and Eldar,
                  Yonina C. and Letaief, Khaled B. and Poor, H. Vincent and
                  Zhang, Junshan},
  title           = {Communication-Efficient Distributed Learning: An Overview},
  journal         = {IEEE Journal on Selected Areas in Communications},
  year            = 2023,
  volume          = 41,
  number          = 4,
  month           = apr,
  pages           = {851–873},
  issn            = {1558-0008},
  doi             = {10.1109/jsac.2023.3242710},
  url             = {http://dx.doi.org/10.1109/JSAC.2023.3242710},
  publisher       = {Institute of Electrical and Electronics Engineers (IEEE)}
}

@Article{BPSBBPPC2023,
  author          = {Beltrán, Enrique Tomás Martínez and Pérez, Mario Quiles and
                  Sánchez, Pedro Miguel Sánchez and Bernal, Sergio López and
                  Bovet, Gérôme and Pérez, Manuel Gil and Pérez, Gregorio
                  Martínez and Celdrán, Alberto Huertas},
  title           = {Decentralized Federated Learning: Fundamentals, State of
                  the Art, Frameworks, Trends, and Challenges},
  journal         = {IEEE Communications Surveys \& Tutorials},
  year            = 2023,
  volume          = 25,
  number          = 4,
  pages           = {2983–3013},
  issn            = {2373-745X},
  doi             = {10.1109/comst.2023.3315746},
  url             = {http://dx.doi.org/10.1109/COMST.2023.3315746},
  publisher       = {Institute of Electrical and Electronics Engineers (IEEE)}
}

@Article{HCNHW2021,
  author          = {Hu, Shuyan and Chen, Xiaojing and Ni, Wei and Hossain,
                  Ekram and Wang, Xin},
  title           = {Distributed Machine Learning for Wireless Communication
                  Networks: Techniques, Architectures, and Applications},
  journal         = {IEEE Communications Surveys \& Tutorials},
  year            = 2021,
  volume          = 23,
  number          = 3,
  pages           = {1458–1493},
  issn            = {2373-745X},
  doi             = {10.1109/comst.2021.3086014},
  url             = {http://dx.doi.org/10.1109/COMST.2021.3086014},
  publisher       = {Institute of Electrical and Electronics Engineers (IEEE)}
}

@Article{VWKKVR2020,
  author          = {Verbraeken, Joost and Wolting, Matthijs and Katzy, Jonathan
                  and Kloppenburg, Jeroen and Verbelen, Tim and Rellermeyer, Jan
                  S.},
  title           = {A Survey on Distributed Machine Learning},
  journal         = {ACM Computing Surveys},
  year            = 2020,
  volume          = 53,
  number          = 2,
  month           = mar,
  pages           = {1–33},
  issn            = {1557-7341},
  doi             = {10.1145/3377454},
  url             = {http://dx.doi.org/10.1145/3377454},
  publisher       = {Association for Computing Machinery (ACM)}
}

@Online{TSWLC2023,
  author          = {Zhenheng Tang and Shaohuai Shi and Wei Wang and Bo Li and
                  Xiaowen Chu},
  title           = {Communication-Efficient Distributed Deep Learning: A
                  Comprehensive Survey},
  year            = 2020,
  eprint          = {2003.06307v2},
  primaryclass    = {cs.DC},
  archiveprefix   = {arXiv}
}

@phdthesis{X2022Thesis,
  title  = {Decentralized Non-Convex Optimization and Learning over Heterogeneous Networks},
  author = {Xin, Ran},
  school = {Carnegie Mellon University},
  year   = 2022,
  url    = {https://www.proquest.com/openview/9eec69c1293e6fb01fd4daa8cb514015}
}

@Online{WB2013,
  author          = {Huahua Wang and Arindam Banerjee},
  title           = {Online Alternating Direction Method (longer version)},
  year            = 2013,
  eprint          = {1306.3721v2},
  primaryclass    = {cs.LG},
  archiveprefix   = {arXiv}
}

@Article{CB2021,
  author          = {Cao, Xuanyu and Basar, Tamer},
  title           = {Decentralized Online Convex Optimization With
                  Event-Triggered Communications},
  journal         = {IEEE Transactions on Signal Processing},
  year            = 2021,
  volume          = 69,
  pages           = {284–299},
  issn            = {1941-0476},
  doi             = {10.1109/tsp.2020.3044843},
  url             = {http://dx.doi.org/10.1109/TSP.2020.3044843},
  publisher       = {Institute of Electrical and Electronics Engineers (IEEE)}
}

@Article{GCYR2022,
  author          = {Ghosh, Avishek and Chung, Jichan and Yin, Dong and
                  Ramchandran, Kannan},
  title           = {An Efficient Framework for Clustered Federated Learning},
  journal         = {IEEE Transactions on Information Theory},
  year            = 2022,
  volume          = 68,
  number          = 12,
  month           = dec,
  pages           = {8076–8091},
  issn            = {1557-9654},
  doi             = {10.1109/tit.2022.3192506},
  url             = {http://dx.doi.org/10.1109/TIT.2022.3192506},
  publisher       = {Institute of Electrical and Electronics Engineers (IEEE)}
}

@Article{PKP2006,
  author          = {Predd, Joel B. and Kulkarni, Sanjeev B. and Poor, H. Vincent},
  title           = {Distributed learning in wireless sensor networks},
  journal         = {IEEE Signal Processing Magazine},
  year            = 2006,
  volume          = 23,
  number          = 4,
  month           = jul,
  pages           = {56–69},
  issn            = {1053-5888},
  doi             = {10.1109/msp.2006.1657817},
  url             = {http://dx.doi.org/10.1109/MSP.2006.1657817},
  publisher       = {Institute of Electrical and Electronics Engineers (IEEE)}
}

@Article{C1997,
  author          = {Rich Caruana},
  title           = {Multitask Learning},
  journal         = {Machine Learning},
  year            = 1997,
  volume          = 28,
  number          = 1,
  pages           = {41-75},
  doi             = {10.1023/A:1007379606734},
  url             = {https://doi.org/10.1023/A:1007379606734},
  publisher       = {Springer Science and Business Media LLC}
}

@Article{CHWZL2020,
  author          = {Chang, Tsung-Hui and Hong, Mingyi and Wai, Hoi-To and
                  Zhang, Xinwei and Lu, Songtao},
  title           = {Distributed Learning in the Nonconvex World: From batch
                  data to streaming and beyond},
  journal         = {IEEE Signal Processing Magazine},
  year            = 2020,
  volume          = 37,
  number          = 3,
  month           = may,
  pages           = {26–38},
  issn            = {1558-0792},
  doi             = {10.1109/msp.2020.2970170},
  url             = {http://dx.doi.org/10.1109/MSP.2020.2970170},
  publisher       = {Institute of Electrical and Electronics Engineers (IEEE)}
}

@InProceedings{MMRHA2017,
  author          = {McMahan, Brendan and Eider Moore and Daniel Ramage and Seth
                  Hampson and Blaise Ag{\"{u}}era y Arcas},
  title           = {Communication-Efficient Learning of Deep Networks from
                  Decentralized Data},
  year            = 2017,
  booktitle       = {Proceedings of the 20th International Conference on
                  Artificial Intelligence and Statistics, {AISTATS} 2017, 20-22
                  April 2017, Fort Lauderdale, FL, {USA}},
  pages           = {1273-1282},
  url             = {http://proceedings.mlr.press/v54/mcmahan17a.html},
  crossref        = {DBLP:conf/aistats/2017}
}

@Online{BBG2023,
  author          = {Albert S. Berahas and Raghu Bollapragada and Shagun Gupta},
  title           = {Balancing Communication and Computation in Gradient
                  Tracking Algorithms for Decentralized Optimization},
  year            = 2023,
  eprint          = {2303.14289v2},
  primaryclass    = {math.OC},
  archiveprefix   = {arXiv}
}

@Article{BBKW2019,
  author          = {Berahas, Albert S. and Bollapragada, Raghu and Keskar,
                  Nitish Shirish and Wei, Ermin},
  title           = {Balancing Communication and Computation in Distributed
                  Optimization},
  journal         = {IEEE Transactions on Automatic Control},
  year            = 2019,
  volume          = 64,
  number          = 8,
  month           = aug,
  pages           = {3141–3155},
  issn            = {2334-3303},
  doi             = {10.1109/tac.2018.2880407},
  url             = {http://dx.doi.org/10.1109/TAC.2018.2880407},
  publisher       = {Institute of Electrical and Electronics Engineers (IEEE)}
}

@Article{NOR2018,
  author          = {Nedic, Angelia and Olshevsky, Alex and Rabbat, Michael G.},
  title           = {Network Topology and Communication-Computation Tradeoffs in
                  Decentralized Optimization},
  journal         = {Proceedings of the IEEE},
  year            = 2018,
  volume          = 106,
  number          = 5,
  month           = may,
  pages           = {953–976},
  issn            = {1558-2256},
  doi             = {10.1109/jproc.2018.2817461},
  url             = {http://dx.doi.org/10.1109/JPROC.2018.2817461},
  publisher       = {Institute of Electrical and Electronics Engineers (IEEE)}
}

@Article{TS2016,
  author          = {Lu Tang and Peter X. K. Song},
  title           = {Fused Lasso Approach in Regression Coefficients Clustering
                  - Learning Parameter Heterogeneity in Data Integration},
  journal         = {Journal of Machine Learning Ressearch},
  year            = 2016,
  volume          = 17,
  pages           = {113:1--113:23},
  url             = {http://jmlr.org/papers/v17/15-598.html}
}

@Article{LZT2015,
  author          = {Lee, D.‐J. and Zhu, Z. and Toscas, P.},
  title           = {Spatio‐temporal functional data analysis for wireless
                  sensor networks data},
  journal         = {Environmetrics},
  year            = 2015,
  volume          = 26,
  number          = 5,
  month           = may,
  pages           = {354–362},
  issn            = {1099-095X},
  doi             = {10.1002/env.2344},
  url             = {http://dx.doi.org/10.1002/env.2344},
  publisher       = {Wiley}
}

@InProceedings{LZZHZL2017,
  author          = {Xiangru Lian and Ce Zhang and Huan Zhang and Cho{-}Jui
                  Hsieh and Wei Zhang and Ji Liu},
  title           = {Can Decentralized Algorithms Outperform Centralized
                  Algorithms? {A} Case Study for Decentralized Parallel
                  Stochastic Gradient Descent},
  year            = 2017,
  booktitle       = {Advances in Neural Information Processing Systems 30:
                  Annual Conference on Neural Information Processing Systems
                  2017, December 4-9, 2017, Long Beach, CA, {USA}},
  pages           = {5330-5340},
  url             = {https://proceedings.neurips.cc/paper/2017/hash/f75526659f31040afeb61cb7133e4e6d-Abstract.html},
}

@Article{TLISBEMLDC2022,
  author          = {Tong, Jiayi and Luo, Chongliang and Islam, Md Nazmul and
                  Sheils, Natalie E. and Buresh, John and Edmondson, Mackenzie
                  and Merkel, Peter A. and Lautenbach, Ebbing and Duan, Rui and
                  Chen, Yong},
  title           = {Distributed learning for heterogeneous clinical data with
                  application to integrating COVID-19 data across 230 sites},
  journal         = {npj Digital Medicine},
  year            = 2022,
  volume          = 5,
  number          = 1,
  month           = jun,
  issn            = {2398-6352},
  doi             = {10.1038/s41746-022-00615-8},
  url             = {http://dx.doi.org/10.1038/s41746-022-00615-8},
  publisher       = {Springer Science and Business Media LLC}
}

@Article{KMR2012,
  author          = {Kar, Soummya and Moura, José M. F. and Ramanan, Kavita},
  title           = {Distributed Parameter Estimation in Sensor Networks:
                  Nonlinear Observation Models and Imperfect Communication},
  journal         = {IEEE Transactions on Information Theory},
  year            = 2012,
  volume          = 58,
  number          = 6,
  month           = jun,
  pages           = {3575–3605},
  issn            = {1557-9654},
  doi             = {10.1109/tit.2012.2191450},
  url             = {http://dx.doi.org/10.1109/tit.2012.2191450},
  publisher       = {Institute of Electrical and Electronics Engineers (IEEE)}
}

@Article{NO2009,
  author          = {Nedic, Angelia and Ozdaglar, Asuman},
  title           = {Distributed Subgradient Methods for Multi-Agent
                  Optimization},
  journal         = {IEEE Transactions on Automatic Control},
  year            = 2009,
  volume          = 54,
  number          = 1,
  month           = jan,
  pages           = {48–61},
  issn            = {0018-9286},
  doi             = {10.1109/tac.2008.2009515},
  url             = {http://dx.doi.org/10.1109/TAC.2008.2009515},
  publisher       = {Institute of Electrical and Electronics Engineers (IEEE)}
}

@Article{CS2012,
  author          = {Chen, Jianshu and Sayed, Ali H.},
  title           = {Diffusion Adaptation Strategies for Distributed
                  Optimization and Learning Over Networks},
  journal         = {IEEE Transactions on Signal Processing},
  year            = 2012,
  volume          = 60,
  number          = 8,
  month           = aug,
  pages           = {4289–4305},
  issn            = {1941-0476},
  doi             = {10.1109/tsp.2012.2198470},
  url             = {http://dx.doi.org/10.1109/TSP.2012.2198470},
  publisher       = {Institute of Electrical and Electronics Engineers (IEEE)}
}

@Article{OFM2007,
  author          = {Olfati-Saber, Reza and Fax, J. Alex and Murray, Richard M.},
  title           = {Consensus and Cooperation in Networked Multi-Agent Systems},
  journal         = {Proceedings of the IEEE},
  year            = 2007,
  volume          = 95,
  number          = 1,
  month           = jan,
  pages           = {215–233},
  issn            = {0018-9219},
  doi             = {10.1109/jproc.2006.887293},
  url             = {http://dx.doi.org/10.1109/JPROC.2006.887293},
  publisher       = {Institute of Electrical and Electronics Engineers (IEEE)}
}

@Book{EH1981,
  author          = {Everitt, B. S. and Hand, D. J.},
  title           = {Finite Mixture Distributions},
  year            = 1981,
  publisher       = {Springer Netherlands},
  isbn            = 9789400958975,
  doi             = {10.1007/978-94-009-5897-5},
  url             = {http://dx.doi.org/10.1007/978-94-009-5897-5}
}

@Article{MH2017,
  author          = {Ma, Shujie and Huang, Jian},
  title           = {A Concave Pairwise Fusion Approach to Subgroup Analysis},
  journal         = {Journal of the American Statistical Association},
  year            = 2017,
  volume          = 112,
  number          = 517,
  month           = jan,
  pages           = {410–423},
  issn            = {1537-274X},
  doi             = {10.1080/01621459.2016.1148039},
  url             = {http://dx.doi.org/10.1080/01621459.2016.1148039},
  publisher       = {Informa UK Limited}
}

@Article{ABJK2024,
  author          = {Armacki, Aleksandar and Bajović, Dragana and Jakovetić,
                  Dušan and Kar, Soummya},
  title           = {A One-Shot Framework for Distributed Clustered Learning in
                  Heterogeneous Environments},
  journal         = {IEEE Transactions on Signal Processing},
  year            = 2024,
  volume          = 72,
  pages           = {636–651},
  issn            = {1941-0476},
  doi             = {10.1109/tsp.2023.3343561},
  url             = {http://dx.doi.org/10.1109/TSP.2023.3343561},
  publisher       = {Institute of Electrical and Electronics Engineers (IEEE)}
}

@Article{ZM2010,
  author          = {Zhu, Minghui and Martínez, Sonia},
  title           = {Discrete-time dynamic average consensus},
  journal         = {Automatica},
  year            = 2010,
  volume          = 46,
  number          = 2,
  month           = feb,
  pages           = {322–329},
  issn            = {0005-1098},
  doi             = {10.1016/j.automatica.2009.10.021},
  url             = {http://dx.doi.org/10.1016/j.automatica.2009.10.021},
  publisher       = {Elsevier BV}
}

@Article{XK2018,
  author          = {Xin, Ran and Khan, Usman A.},
  title           = {A Linear Algorithm for Optimization Over Directed Graphs
                  With Geometric Convergence},
  journal         = {IEEE Control Systems Letters},
  year            = 2018,
  volume          = 2,
  number          = 3,
  month           = jul,
  pages           = {315–320},
  issn            = {2475-1456},
  doi             = {10.1109/lcsys.2018.2834316},
  url             = {http://dx.doi.org/10.1109/LCSYS.2018.2834316},
  publisher       = {Institute of Electrical and Electronics Engineers (IEEE)}
}

@Article{PSXN2021,
  author          = {Pu, Shi and Shi, Wei and Xu, Jinming and Nedic, Angelia},
  title           = {Push–Pull Gradient Methods for Distributed Optimization in
                  Networks},
  journal         = {IEEE Transactions on Automatic Control},
  year            = 2021,
  volume          = 66,
  number          = 1,
  month           = jan,
  pages           = {1–16},
  issn            = {2334-3303},
  doi             = {10.1109/tac.2020.2972824},
  url             = {http://dx.doi.org/10.1109/TAC.2020.2972824},
  publisher       = {Institute of Electrical and Electronics Engineers (IEEE)}
}

@Article{NOS2017,
  author          = {Nedić, Angelia and Olshevsky, Alex and Shi, Wei},
  title           = {Achieving Geometric Convergence for Distributed
                  Optimization Over Time-Varying Graphs},
  journal         = {SIAM Journal on Optimization},
  year            = 2017,
  volume          = 27,
  number          = 4,
  month           = jan,
  pages           = {2597–2633},
  issn            = {1095-7189},
  doi             = {10.1137/16m1084316},
  url             = {http://dx.doi.org/10.1137/16m1084316},
  publisher       = {Society for Industrial & Applied Mathematics (SIAM)}
}

@Article{LS2016,
  author          = {Lorenzo, Paolo Di and Scutari, Gesualdo},
  title           = {NEXT: In-Network Nonconvex Optimization},
  journal         = {IEEE Transactions on Signal and Information Processing over
                  Networks},
  year            = 2016,
  volume          = 2,
  number          = 2,
  month           = jun,
  pages           = {120–136},
  issn            = {2373-7778},
  doi             = {10.1109/tsipn.2016.2524588},
  url             = {http://dx.doi.org/10.1109/TSIPN.2016.2524588},
  publisher       = {Institute of Electrical and Electronics Engineers (IEEE)}
}

@Article{QL2018,
  author          = {Qu, Guannan and Li, Na},
  title           = {Harnessing Smoothness to Accelerate Distributed
                  Optimization},
  journal         = {IEEE Transactions on Control of Network Systems},
  year            = 2018,
  volume          = 5,
  number          = 3,
  month           = sep,
  pages           = {1245–1260},
  issn            = {2372-2533},
  doi             = {10.1109/tcns.2017.2698261},
  url             = {http://dx.doi.org/10.1109/TCNS.2017.2698261},
  publisher       = {Institute of Electrical and Electronics Engineers (IEEE)}
}

@Article{LCCC2020,
  author          = {Boyue Li and Shicong Cen and Yuxin Chen and Yuejie Chi},
  title           = {Communication-Efficient Distributed Optimization in
                  Networks with Gradient Tracking and Variance Reduction},
  journal         = {Journal of Machine Learning Ressearch},
  year            = 2020,
  volume          = 21,
  pages           = {180:1--180:51},
  url             = {http://jmlr.org/papers/v21/20-210.html}
}

@Article{AY2024,
  author          = {Alghunaim, Sulaiman A. and Yuan, Kun},
  title           = {An enhanced gradient-tracking bound for distributed online
                  stochastic convex optimization},
  journal         = {Signal Processing},
  year            = 2024,
  volume          = 217,
  month           = apr,
  pages           = 109345,
  issn            = {0165-1684},
  doi             = {10.1016/j.sigpro.2023.109345},
  url             = {http://dx.doi.org/10.1016/j.sigpro.2023.109345},
  publisher       = {Elsevier BV}
}

@Article{SMS2021,
  author          = {Sattler, Felix and Muller, Klaus-Robert and Samek,
                  Wojciech},
  title           = {Clustered Federated Learning: Model-Agnostic Distributed
                  Multitask Optimization Under Privacy Constraints},
  journal         = {IEEE Transactions on Neural Networks and Learning Systems},
  year            = 2021,
  volume          = 32,
  number          = 8,
  month           = aug,
  pages           = {3710–3722},
  issn            = {2162-2388},
  doi             = {10.1109/tnnls.2020.3015958},
  url             = {http://dx.doi.org/10.1109/TNNLS.2020.3015958},
  publisher       = {Institute of Electrical and Electronics Engineers (IEEE)}
}

@Article{TYCY2023,
  author          = {Tan, Alysa Ziying and Yu, Han and Cui, Lizhen and Yang,
                  Qiang},
  title           = {Towards Personalized Federated Learning},
  journal         = {IEEE Transactions on Neural Networks and Learning Systems},
  year            = 2023,
  volume          = 34,
  number          = 12,
  month           = dec,
  pages           = {9587–9603},
  issn            = {2162-2388},
  doi             = {10.1109/tnnls.2022.3160699},
  url             = {http://dx.doi.org/10.1109/TNNLS.2022.3160699},
  publisher       = {Institute of Electrical and Electronics Engineers (IEEE)}
}

@Article{STY2021,
  author          = {Defeng Sun and Kim{-}Chuan Toh and Yancheng Yuan},
  title           = {Convex Clustering: Model, Theoretical Guarantee and
                  Efficient Algorithm},
  journal         = {Journal of Machine Learning Ressearch},
  year            = 2021,
  volume          = 22,
  pages           = {9:1--9:32},
  url             = {http://jmlr.org/papers/v22/18-694.html}
}

@InProceedings{LGQKW2022,
  author          = {Yiheng Lin and Judy Gan and Guannan Qu and Yash Kanoria and
                  Adam Wierman},
  title           = {Decentralized Online Convex Optimization in Networked
                  Systems},
  year            = 2022,
  booktitle       = {International Conference on Machine Learning, {ICML} 2022,
                  17-23 July 2022, Baltimore, Maryland, {USA}},
  pages           = {13356-13393},
  url             = {https://proceedings.mlr.press/v162/lin22c.html},
  crossref        = {DBLP:conf/icml/2022}
}

@Online{LYWR2023,
  author          = {Pengfei Li and Jianyi Yang and Adam Wierman and Shaolei
                  Ren},
  title           = {Learning-Augmented Decentralized Online Convex
                  Optimization in Networks},
  year            = 2023,
  eprint          = {2306.10158v2},
  primaryclass    = {cs.LG},
  archiveprefix   = {arXiv}
}

@Article{CL2018,
  author          = {Cao, Xuanyu and Liu, K.J.Ray},
  title           = {Distributed Linearized ADMM for Network Cost Minimization},
  journal         = {IEEE Transactions on Signal and Information Processing over
                  Networks},
  year            = 2018,
  volume          = 4,
  number          = 3,
  month           = sep,
  pages           = {626–638},
  issn            = {2373-7778},
  doi             = {10.1109/tsipn.2018.2806841},
  url             = {http://dx.doi.org/10.1109/TSIPN.2018.2806841},
  publisher       = {Institute of Electrical and Electronics Engineers (IEEE)}
}

@Article{CL2020,
  author          = {Cao, Xuanyu and Liu, K. J. Ray},
  title           = {Distributed Newton’s Method for Network Cost Minimization},
  journal         = {IEEE Transactions on Automatic Control},
  year            = 2021,
  volume          = 66,
  number          = 3,
  month           = mar,
  pages           = {1278–1285},
  issn            = {2334-3303},
  doi             = {10.1109/tac.2020.2989266},
  url             = {http://dx.doi.org/10.1109/TAC.2020.2989266},
  publisher       = {Institute of Electrical and Electronics Engineers (IEEE)}
}

@Article{KSR2017,
  author          = {Koppel, Alec and Sadler, Brian M. and Ribeiro, Alejandro},
  title           = {Proximity Without Consensus in Online Multiagent
                  Optimization},
  journal         = {IEEE Transactions on Signal Processing},
  year            = 2017,
  volume          = 65,
  number          = 12,
  month           = jun,
  pages           = {3062–3077},
  issn            = {1941-0476},
  doi             = {10.1109/tsp.2017.2686368},
  url             = {http://dx.doi.org/10.1109/TSP.2017.2686368},
  publisher       = {Institute of Electrical and Electronics Engineers (IEEE)}
}

@Article{CB2020,
  author          = {Cao, Xuanyu and Basar, Tamer},
  title           = {Decentralized Multi-Agent Stochastic Optimization With
                  Pairwise Constraints and Quantized Communications},
  journal         = {IEEE Transactions on Signal Processing},
  year            = 2020,
  volume          = 68,
  pages           = {3296–3311},
  issn            = {1941-0476},
  doi             = {10.1109/tsp.2020.2997394},
  url             = {http://dx.doi.org/10.1109/TSP.2020.2997394},
  publisher       = {Institute of Electrical and Electronics Engineers (IEEE)}
}

@Article{SCDB2024,
  author          = {Singh, Navjot and Cao, Xuanyu and Diggavi, Suhas and Başar,
                  Tamer},
  title           = {Decentralized multi-task stochastic optimization with
                  compressed communications},
  journal         = {Automatica},
  year            = 2024,
  volume          = 159,
  month           = jan,
  pages           = 111363,
  issn            = {0005-1098},
  doi             = {10.1016/j.automatica.2023.111363},
  url             = {http://dx.doi.org/10.1016/j.automatica.2023.111363},
  publisher       = {Elsevier BV}
}

@Article{CL2017,
  author          = {Cao, Xuanyu and Liu, K. J. Ray},
  title           = {Decentralized Sparse Multitask RLS Over Networks},
  journal         = {IEEE Transactions on Signal Processing},
  year            = 2017,
  volume          = 65,
  number          = 23,
  month           = dec,
  pages           = {6217–6232},
  issn            = {1941-0476},
  doi             = {10.1109/tsp.2017.2750110},
  url             = {http://dx.doi.org/10.1109/TSP.2017.2750110},
  publisher       = {Institute of Electrical and Electronics Engineers (IEEE)}
}

@Article{YC2024,
  author          = {Yan, Wenjing and Cao, Xuanyu},
  title           = {Decentralized Multitask Online Convex Optimization Under
                  Random Link Failures},
  journal         = {IEEE Transactions on Signal Processing},
  year            = 2024,
  volume          = 72,
  pages           = {622–635},
  issn            = {1941-0476},
  doi             = {10.1109/tsp.2023.3348954},
  url             = {http://dx.doi.org/10.1109/TSP.2023.3348954},
  publisher       = {Institute of Electrical and Electronics Engineers (IEEE)}
}

@Online{OK2023,
  author          = {Akira Okazaki and Shuichi Kawano},
  title           = {Multi-Task Learning Regression via Convex Clustering},
  year            = 2023,
  eprint          = {2304.13342v1},
  primaryclass    = {stat.ME},
  archiveprefix   = {arXiv}
}

@InProceedings{ZCY2011,
  author          = {Jiayu Zhou and Jianhui Chen and Jieping Ye},
  title           = {Clustered Multi-Task Learning Via Alternating Structure
                  Optimization},
  year            = 2011,
  booktitle       = {Advances in Neural Information Processing Systems 24: 25th
                  Annual Conference on Neural Information Processing Systems
                  2011. Proceedings of a meeting held 12-14 December 2011,
                  Granada, Spain},
  pages           = {702-710},
  url             =
                  {https://proceedings.neurips.cc/paper/2011/hash/a516a87cfcaef229b342c437fe2b95f7-Abstract.html},
  crossref        = {DBLP:conf/nips/2011}
}

@InProceedings{JBV2008,
  author          = {Laurent Jacob and Francis R. Bach and Jean{-}Philippe Vert},
  title           = {Clustered Multi-Task Learning: {A} Convex Formulation},
  year            = 2008,
  booktitle       = {Advances in Neural Information Processing Systems 21,
                  Proceedings of the Twenty-Second Annual Conference on Neural
                  Information Processing Systems, Vancouver, British Columbia,
                  Canada, December 8-11, 2008},
  pages           = {745-752},
  url             =
                  {https://proceedings.neurips.cc/paper/2008/hash/fccb3cdc9acc14a6e70a12f74560c026-Abstract.html},
  crossref        = {DBLP:conf/nips/2008}
}

@InProceedings{SCST2017,
  author          = {Virginia Smith and Chao{-}Kai Chiang and Maziar Sanjabi and
                  Ameet Talwalkar},
  title           = {Federated Multi-Task Learning},
  year            = 2017,
  booktitle       = {Advances in Neural Information Processing Systems 30:
                  Annual Conference on Neural Information Processing Systems
                  2017, December 4-9, 2017, Long Beach, CA, {USA}},
  pages           = {4424-4434},
  url             =
                  {https://proceedings.neurips.cc/paper/2017/hash/6211080fa89981f66b1a0c9d55c61d0f-Abstract.html},
  crossref        = {DBLP:conf/nips/2017}
}

@Article{MVU2022,
  author          = {Matin Mortaheb and Cemil Vahapoglu and Sennur Ulukus},
  title           = {Personalized Federated Multi-Task Learning over Wireless
                  Fading Channels},
  journal         = {Algorithms},
  year            = 2022,
  volume          = 15,
  number          = 11,
  pages           = 421,
  doi             = {10.3390/A15110421},
  url             = {https://doi.org/10.3390/a15110421}
}

@Article{HWSLJZ2023,
  author          = {Hu, Haoyang and Wu, Youlong and Shi, Yuanming and Li,
                  Songze and Jiang, Chunxiao and Zhang, Wei},
  title           = {Communication-Efficient Coded Computing for Distributed
                  Multi-Task Learning},
  journal         = {IEEE Transactions on Communications},
  year            = 2023,
  volume          = 71,
  number          = 7,
  month           = jul,
  pages           = {3861–3875},
  issn            = {1558-0857},
  doi             = {10.1109/tcomm.2023.3275194},
  url             = {http://dx.doi.org/10.1109/TCOMM.2023.3275194},
  publisher       = {Institute of Electrical and Electronics Engineers (IEEE)}
}

@Article{MGL2023,
  author          = {Ma, Haoyu and Guo, Huayan and Lau, Vincent K. N.},
  title           = {Communication-Efficient Federated Multitask Learning Over
                  Wireless Networks},
  journal         = {IEEE Internet of Things Journal},
  year            = 2023,
  volume          = 10,
  number          = 1,
  month           = jan,
  pages           = {609–624},
  issn            = {2372-2541},
  doi             = {10.1109/jiot.2022.3201310},
  url             = {http://dx.doi.org/10.1109/JIOT.2022.3201310},
  publisher       = {Institute of Electrical and Electronics Engineers (IEEE)}
}

@Article{LW2023,
  author          = {Lu, Kaihong and Wang, Long},
  title           = {Online Distributed Optimization With Nonconvex Objective
                  Functions via Dynamic Regrets},
  journal         = {IEEE Transactions on Automatic Control},
  year            = 2023,
  volume          = 68,
  number          = 11,
  month           = nov,
  pages           = {6509–6524},
  issn            = {2334-3303},
  doi             = {10.1109/tac.2023.3239432},
  url             = {http://dx.doi.org/10.1109/TAC.2023.3239432},
  publisher       = {Institute of Electrical and Electronics Engineers (IEEE)}
}

@Book{BV2004,
  author          = {Boyd, Stephen and Vandenberghe, Lieven},
  title           = {Convex Optimization},
  year            = 2004,
  publisher       = {Cambridge University Press},
  isbn            = 9780511804441,
  doi             = {10.1017/cbo9780511804441},
  url             = {http://dx.doi.org/10.1017/cbo9780511804441},
  month           = mar
}

@book {NW2006,
    AUTHOR = {Nocedal, Jorge and Wright, Stephen J.},
     TITLE = {Numerical optimization},
    SERIES = {Springer Series in Operations Research and Financial
              Engineering},
   EDITION = {Second},
 PUBLISHER = {Springer, New York},
      YEAR = {2006},
     PAGES = {xxii+664},
      ISBN = {978-0387-30303-1; 0-387-30303-0},
   MRCLASS = {90-01 (49Mxx 65K05 90-02 90C30)},
  MRNUMBER = {2244940},
}

@Article{GSBR2020,
  author          = {Gower, Robert M. and Schmidt, Mark and Bach, Francis and
                  Richtarik, Peter},
  title           = {Variance-Reduced Methods for Machine Learning},
  journal         = {Proceedings of the IEEE},
  year            = 2020,
  volume          = 108,
  number          = 11,
  month           = nov,
  pages           = {1968–1983},
  issn            = {1558-2256},
  doi             = {10.1109/jproc.2020.3028013},
  url             = {http://dx.doi.org/10.1109/JPROC.2020.3028013},
  publisher       = {Institute of Electrical and Electronics Engineers (IEEE)}
}

@Article{ZY2022,
  author          = {Zhang, Yu and Yang, Qiang},
  title           = {A Survey on Multi-Task Learning},
  journal         = {IEEE Transactions on Knowledge and Data Engineering},
  year            = 2022,
  volume          = 34,
  number          = 12,
  month           = dec,
  pages           = {5586–5609},
  issn            = {2326-3865},
  doi             = {10.1109/tkde.2021.3070203},
  url             = {http://dx.doi.org/10.1109/TKDE.2021.3070203},
  publisher       = {Institute of Electrical and Electronics Engineers (IEEE)}
}

@Article{SZ2013,
  title={Stochastic dual coordinate ascent methods for regularized loss minimization.},
  author={Shalev-Shwartz, Shai and Zhang, Tong},
  journal={Journal of Machine Learning Research},
  volume={14},
  number={1},
  year={2013}
}

@InProceedings{S2014,
  author          = {Taiji Suzuki},
  title           = {Stochastic Dual Coordinate Ascent with Alternating
                  Direction Method of Multipliers},
  year            = 2014,
  booktitle       = {Proceedings of the 31th International Conference on Machine
                  Learning, {ICML} 2014, Beijing, China, 21-26 June 2014},
  pages           = {736-744},
  url             = {http://proceedings.mlr.press/v32/suzuki14.html},
  crossref        = {DBLP:conf/icml/2014}
}

@Article{LSLKJL2021,
  author          = {Liu, Yuanyuan and Shang, Fanhua and Liu, Hongying and Kong,
                  Lin and Jiao, Licheng and Lin, Zhouchen},
  title           = {Accelerated Variance Reduction Stochastic ADMM for
                  Large-Scale Machine Learning},
  journal         = {IEEE Transactions on Pattern Analysis and Machine
                  Intelligence},
  year            = 2021,
  volume          = 43,
  number          = 12,
  month           = dec,
  pages           = {4242–4255},
  issn            = {1939-3539},
  doi             = {10.1109/tpami.2020.3000512},
  url             = {http://dx.doi.org/10.1109/TPAMI.2020.3000512},
  publisher       = {Institute of Electrical and Electronics Engineers (IEEE)}
}

@Article{LGSALZ2022,
  author          = {Liu, Yuanyuan and Geng, Jiacheng and Shang, Fanhua and An,
                  Weixin and Liu, Hongying and Zhu, Qi},
  title           = {Loopless Variance Reduced Stochastic ADMM for Equality
                  Constrained Problems in IoT Applications},
  journal         = {IEEE Internet of Things Journal},
  year            = 2022,
  volume          = 9,
  number          = 3,
  month           = feb,
  pages           = {2293–2303},
  issn            = {2372-2541},
  doi             = {10.1109/jiot.2021.3095561},
  url             = {http://dx.doi.org/10.1109/JIOT.2021.3095561},
  publisher       = {Institute of Electrical and Electronics Engineers (IEEE)}
}

@inproceedings{LSC2017,
  title={Accelerated variance reduced stochastic ADMM},
  author={Liu, Yuanyuan and Shang, Fanhua and Cheng, James},
  booktitle={Proceedings of the AAAI conference on artificial intelligence},
  volume={31},
  number={1},
  year={2017}
}

@InProceedings{WXWCQS2023,
  author          = {Shuai Wang and Yanqing Xu and Zhiguo Wang and Tsung{-}Hui
                  Chang and Tony Q. S. Quek and Defeng Sun},
  title           = {Beyond {ADMM:} {A} Unified Client-Variance-Reduced Adaptive
                  Federated Learning Framework},
  year            = 2023,
  booktitle       = {Thirty-Seventh {AAAI} Conference on Artificial
                  Intelligence, {AAAI} 2023, Thirty-Fifth Conference on
                  Innovative Applications of Artificial Intelligence, {IAAI}
                  2023, Thirteenth Symposium on Educational Advances in
                  Artificial Intelligence, {EAAI} 2023, Washington, DC, USA,
                  February 7-14, 2023},
  pages           = {10175-10183},
  doi             = {10.1609/AAAI.V37I8.26212},
  url             = {https://doi.org/10.1609/aaai.v37i8.26212},
  crossref        = {DBLP:conf/aaai/2023}
}

@Article{HLWY2020,
  author          = {Hu, Jiang and Liu, Xin and Wen, Zai-Wen and Yuan, Ya-Xiang},
  title           = {A Brief Introduction to Manifold Optimization},
  journal         = {Journal of the Operations Research Society of China},
  year            = 2020,
  volume          = 8,
  number          = 2,
  month           = apr,
  pages           = {199–248},
  issn            = {2194-6698},
  doi             = {10.1007/s40305-020-00295-9},
  url             = {http://dx.doi.org/10.1007/s40305-020-00295-9},
  publisher       = {Springer Science and Business Media LLC}
}

@Book{B2023,
  author          = {Boumal, Nicolas},
  title           = {An Introduction to Optimization on Smooth Manifolds},
  year            = 2023,
  publisher       = {Cambridge University Press},
  isbn            = 9781009166157,
  doi             = {10.1017/9781009166164},
  url             = {http://dx.doi.org/10.1017/9781009166164},
  month           = mar
}

@Article{ZAH2021,
  author          = {Zhang, Yijian and Dall’Anese, Emiliano and Hong, Mingyi},
  title           = {Online Proximal-ADMM for Time-Varying Constrained Convex
                  Optimization},
  journal         = {IEEE Transactions on Signal and Information Processing over
                  Networks},
  year            = 2021,
  volume          = 7,
  pages           = {144–155},
  issn            = {2373-7778},
  doi             = {10.1109/tsipn.2021.3051292},
  url             = {http://dx.doi.org/10.1109/TSIPN.2021.3051292},
  publisher       = {Institute of Electrical and Electronics Engineers (IEEE)}
}

@inproceedings{Z2003,
  title     = {Online convex programming and generalized infinitesimal gradient ascent},
  author    = {Zinkevich, Martin},
  booktitle = {Proceedings of the 20th international conference on machine learning (icml-03)},
  pages     = {928--936},
  year      = {2003}
}

@article{HAK2007,
  title    ={Logarithmic regret algorithms for online convex optimization},
  author   ={Hazan, Elad and Agarwal, Amit and Kale, Satyen},
  journal  ={Machine Learning},
  volume   ={69},
  pages    ={169--192},
  year     ={2007},
  publisher={Springer}
}

@inproceedings{SYG2007,
  title       ={A stochastic quasi-Newton method for online convex optimization},
  author      ={Schraudolph, Nicol N and Yu, Jin and G{\"u}nter, Simon},
  booktitle   ={Artificial intelligence and statistics},
  pages       ={436--443},
  year        ={2007},
  organization={PMLR}
}

@Article{LTS2021,
  author          = {Lesage-Landry, Antoine and Taylor, Joshua A. and Shames,
                  Iman},
  title           = {Second-Order Online Nonconvex Optimization},
  journal         = {IEEE Transactions on Automatic Control},
  year            = 2021,
  volume          = 66,
  number          = 10,
  month           = oct,
  pages           = {4866–4872},
  issn            = {2334-3303},
  doi             = {10.1109/tac.2020.3040372},
  url             = {http://dx.doi.org/10.1109/TAC.2020.3040372},
  publisher       = {Institute of Electrical and Electronics Engineers (IEEE)}
}

@inproceedings{CS2021,
  title    ={On online optimization: Dynamic regret analysis of strongly convex and smooth problems},
  author   ={Chang, Ting-Jui and Shahrampour, Shahin},
  booktitle={Proceedings of the AAAI Conference on Artificial Intelligence},
  volume   ={35},
  number   ={8},
  pages    ={6966--6973},
  year     ={2021}
}

@article{FHPF2022,
  author  = {Huang Fang and Nicholas J. A. Harvey and Victor S. Portella and Michael P. Friedlander},
  title   = {Online Mirror Descent and Dual Averaging: Keeping Pace in the Dynamic Case},
  journal = {Journal of Machine Learning Research},
  year    = {2022},
  volume  = {23},
  number  = {121},
  pages   = {1-38},
  url     = {http://jmlr.org/papers/v23/21-1027.html}
}

@inproceedings{HL2016,
  title       ={Variance-reduced and projection-free stochastic optimization},
  author      ={Hazan, Elad and Luo, Haipeng},
  booktitle   ={International Conference on Machine Learning},
  pages       ={1263--1271},
  year        ={2016},
  organization={PMLR}
}

@inproceedings{BCLK2019,
  title       ={Online variance reduction with mixtures},
  author      ={Borsos, Zal{\'a}n and Curi, Sebastian and Levy, Kfir Yehuda and Krause, Andreas},
  booktitle   ={International Conference on Machine Learning},
  pages       ={705--714},
  year        ={2019},
  organization={PMLR}
}

@InProceedings{ZJC2020,
  author          = {Zhang, Mengfei and Jin, Danqi and Chen, Jie},
  title           = {Variance Reduced Diffusion Adaptation For Online Learning
                  Over Networks},
  year            = 2020,
  booktitle       = {2020 IEEE International Conference on Signal Processing,
                  Communications and Computing (ICSPCC)},
  publisher       = {IEEE},
  month           = aug,
  doi             = {10.1109/icspcc50002.2020.9259540},
  url             = {http://dx.doi.org/10.1109/ICSPCC50002.2020.9259540}
}

@inproceedings{BKL2018,
  title       ={Online variance reduction for stochastic optimization},
  author      ={Borsos, Zal{\'a}n and Krause, Andreas and Levy, Kfir Y},
  booktitle   ={Conference On Learning Theory},
  pages       ={324--357},
  year        ={2018},
  organization={PMLR}
}

@Article{SHK2022,
  author          = {Shen, Lingqing and Ho-Nguyen, Nam and Kılınç-Karzan, Fatma},
  title           = {An online convex optimization-based framework for convex
                  bilevel optimization},
  journal         = {Mathematical Programming},
  year            = 2022,
  volume          = 198,
  number          = 2,
  month           = oct,
  pages           = {1519–1582},
  issn            = {1436-4646},
  doi             = {10.1007/s10107-022-01894-5},
  url             = {http://dx.doi.org/10.1007/s10107-022-01894-5},
  publisher       = {Springer Science and Business Media LLC}
}

@Article{MMNMS2022,
  author          = {Maass, Alejandro I. and Manzie, Chris and Nešić, Dragan and
                  Manton, Jonathan H. and Shames, Iman},
  title           = {Tracking and Regret Bounds for Online Zeroth-Order
                  Euclidean and Riemannian Optimization},
  journal         = {SIAM Journal on Optimization},
  year            = 2022,
  volume          = 32,
  number          = 2,
  month           = apr,
  pages           = {445–469},
  issn            = {1095-7189},
  doi             = {10.1137/21m1405551},
  url             = {http://dx.doi.org/10.1137/21m1405551},
  publisher       = {Society for Industrial & Applied Mathematics (SIAM)}
}

@article{WTHWS2021,
  title  ={No-regret online learning over riemannian manifolds},
  author ={Wang, Xi and Tu, Zhipeng and Hong, Yiguang and Wu, Yingyi and Shi, Guodong},
  journal={Advances in Neural Information Processing Systems},
  volume ={34},
  pages  ={28323--28335},
  year   ={2021}
}

@Article{YLYXCJ2021,
  author          = {Yi, Xinlei and Li, Xiuxian and Yang, Tao and Xie, Lihua and
                  Chai, Tianyou and Johansson, Karl Henrik},
  title           = {Distributed Bandit Online Convex Optimization With
                  Time-Varying Coupled Inequality Constraints},
  journal         = {IEEE Transactions on Automatic Control},
  year            = 2021,
  volume          = 66,
  number          = 10,
  month           = oct,
  pages           = {4620–4635},
  issn            = {2334-3303},
  doi             = {10.1109/tac.2020.3030883},
  url             = {http://dx.doi.org/10.1109/TAC.2020.3030883},
  publisher       = {Institute of Electrical and Electronics Engineers (IEEE)}
}

@Book{HJ2012,
  author          = {Horn, Roger A. and Johnson, Charles R.},
  title           = {Matrix Analysis},
  year            = 2012,
  publisher       = {Cambridge University Press},
  isbn            = 9780521548236,
  doi             = {10.1017/cbo9781139020411},
  url             = {http://dx.doi.org/10.1017/cbo9781139020411},
  month           = oct
}

@Article{YYWYWMHWLJ2019,
  author          = {Yang, Tao and Yi, Xinlei and Wu, Junfeng and Yuan, Ye and
                  Wu, Di and Meng, Ziyang and Hong, Yiguang and Wang, Hong and
                  Lin, Zongli and Johansson, Karl H.},
  title           = {A survey of distributed optimization},
  journal         = {Annual Reviews in Control},
  year            = 2019,
  volume          = 47,
  pages           = {278–305},
  issn            = {1367-5788},
  doi             = {10.1016/j.arcontrol.2019.05.006},
  url             = {http://dx.doi.org/10.1016/j.arcontrol.2019.05.006},
  publisher       = {Elsevier BV}
}

@Article{LLZ2020,
  author          = {Lan, Guanghui and Lee, Soomin and Zhou, Yi},
  title           = {Communication-efficient algorithms for decentralized and
                  stochastic optimization},
  journal         = {Mathematical Programming},
  year            = 2020,
  volume          = 180,
  number          = {1–2},
  month           = dec,
  pages           = {237–284},
  issn            = {1436-4646},
  doi             = {10.1007/s10107-018-1355-4},
  url             = {http://dx.doi.org/10.1007/s10107-018-1355-4},
  publisher       = {Springer Science and Business Media LLC}
}

@article{SFMTJJ2018,
  title  ={CoCoA: A general framework for communication-efficient distributed optimization},
  author ={Smith, Virginia and Forte, Simone and Ma, Chenxin and Tak{\'a}{\v{c}}, Martin and Jordan, Michael I and Jaggi, Martin},
  journal={Journal of Machine Learning Research},
  volume ={18},
  number ={230},
  pages  ={1--49},
  year   ={2018}
}

@InBook{M2021,
  title           = {Robust Algorithms for Online Convex Problems via
                  Primal-Dual},
  year            = 2021,
  author          = {Molinaro, Marco},
  booktitle       = {Proceedings of the 2021 ACM-SIAM Symposium on Discrete
                  Algorithms (SODA)},
  publisher       = {Society for Industrial and Applied Mathematics},
  pages           = {2078–2092},
  doi             = {10.1137/1.9781611976465.124},
  url             = {http://dx.doi.org/10.1137/1.9781611976465.124},
  month           = jan
}

@article{SS2007,
  title    ={A primal-dual perspective of online learning algorithms},
  author   ={Shalev-Shwartz, Shai and Singer, Yoram},
  journal  ={Machine Learning},
  volume   ={69},
  pages    ={115--142},
  year     ={2007},
  publisher={Springer}
}

@Article{LZSL2023,
  author          = {Liu, Huikang and Zhang, Jiaojiao and So, Anthony Man-Cho
                  and Ling, Qing},
  title           = {A Communication-Efficient Decentralized Newton’s Method
                  With Provably Faster Convergence},
  journal         = {IEEE Transactions on Signal and Information Processing over
                  Networks},
  year            = 2023,
  volume          = 9,
  pages           = {427–441},
  issn            = {2373-7778},
  doi             = {10.1109/tsipn.2023.3290397},
  url             = {http://dx.doi.org/10.1109/TSIPN.2023.3290397},
  publisher       = {Institute of Electrical and Electronics Engineers (IEEE)}
}

@Article{KSH2023,
  author          = {Kaya, Ege C. and Sahin, Mehmet Berk and Hashemi, Abolfazl},
  title           = {Communication-Efficient Zeroth-Order Distributed Online
                  Optimization: Algorithm, Theory, and Applications},
  journal         = {IEEE Access},
  year            = 2023,
  volume          = 11,
  pages           = {61173–61191},
  issn            = {2169-3536},
  doi             = {10.1109/access.2023.3284891},
  url             = {http://dx.doi.org/10.1109/ACCESS.2023.3284891},
  publisher       = {Institute of Electrical and Electronics Engineers (IEEE)}
}

@inproceedings{LCCH2018,
  title       ={Zeroth-order online alternating direction method of multipliers: Convergence analysis and applications},
  author      ={Liu, Sijia and Chen, Jie and Chen, Pin-Yu and Hero, Alfred},
  booktitle   ={International Conference on Artificial Intelligence and Statistics},
  pages       ={288--297},
  year        ={2018},
  organization={PMLR}
}

@Article{WL2022,
  author          = {Wang, Lei and Liu, Xin},
  title           = {Decentralized Optimization Over the Stiefel Manifold by an
                  Approximate Augmented Lagrangian Function},
  journal         = {IEEE Transactions on Signal Processing},
  year            = 2022,
  volume          = 70,
  pages           = {3029–3041},
  issn            = {1941-0476},
  doi             = {10.1109/tsp.2022.3182883},
  url             = {http://dx.doi.org/10.1109/TSP.2022.3182883},
  publisher       = {Institute of Electrical and Electronics Engineers (IEEE)}
}

@Online{WBL2024,
  author          = {Lei Wang and Le Bao and Xin Liu},
  title           = {A Decentralized Proximal Gradient Tracking Algorithm for
                  Composite Optimization on Riemannian Manifolds},
  year            = 2024,
  eprint          = {2401.11573v1},
  primaryclass    = {math.OC},
  archiveprefix   = {arXiv}
}

@Online{NXSHC2023,
  author          = {Youcheng Niu and Jinming Xu and Ying Sun and Yan Huang and
                  Li Chai},
  title           = {Distributed Stochastic Bilevel Optimization: Improved
                  Complexity and Heterogeneity Analysis},
  year            = 2023,
  eprint          = {2312.14690v2},
  primaryclass    = {math.OC},
  archiveprefix   = {arXiv}
}

@Article{BGPS2006,
  author          = {Boyd, S. and Ghosh, A. and Prabhakar, B. and Shah, D.},
  title           = {Randomized gossip algorithms},
  journal         = {IEEE Transactions on Information Theory},
  year            = 2006,
  volume          = 52,
  number          = 6,
  month           = jun,
  pages           = {2508–2530},
  issn            = {0018-9448},
  doi             = {10.1109/tit.2006.874516},
  url             = {http://dx.doi.org/10.1109/TIT.2006.874516},
  publisher       = {Institute of Electrical and Electronics Engineers (IEEE)}
}

@inproceedings{CSY2006,
  title    ={Accelerated gossip algorithms for distributed computation},
  author   ={Cao, Ming and Spielman, Daniel A and Yeh, Edmund M},
  booktitle={Proc. of the 44th Annual Allerton Conference on Communication, Control, and Computation},
  pages    ={952--959},
  year     ={2006}
}

@article{DKMRS2010,
  title    ={Gossip algorithms for distributed signal processing},
  author   ={Dimakis, Alexandros G and Kar, Soummya and Moura, Jos{\'e} MF and Rabbat, Michael G and Scaglione, Anna},
  journal  ={Proceedings of the IEEE},
  volume   ={98},
  number   ={11},
  pages    ={1847--1864},
  year     ={2010},
  publisher={IEEE}
}

@article{XKK2020,
  title    ={Decentralized stochastic optimization and machine learning: A unified variance-reduction framework for robust performance and fast convergence},
  author   ={Xin, Ran and Kar, Soummya and Khan, Usman A},
  journal  ={IEEE Signal Processing Magazine},
  volume   ={37},
  number   ={3},
  pages    ={102--113},
  year     ={2020},
  publisher={IEEE}
}

@Online{SALY2024,
  author          = {Lara Scavuzzo and Karen Aardal and Andrea Lodi and Neil
                  Yorke-Smith},
  title           = {Machine Learning Augmented Branch and Bound for Mixed
                  Integer Linear Programming},
  year            = 2024,
  eprint          = {2402.05501v1},
  primaryclass    = {math.OC},
  archiveprefix   = {arXiv}
}

@Article{CCCHLWY2022,
  author          = {Tianlong Chen and Xiaohan Chen and Wuyang Chen and Howard
                  Heaton and Jialin Liu and Zhangyang Wang and Wotao Yin},
  title           = {Learning to Optimize: {A} Primer and {A} Benchmark},
  journal         = {Journal of Machine Learning Ressearch},
  year            = 2022,
  volume          = 23,
  pages           = {189:1--189:59},
  url             = {http://jmlr.org/papers/v23/21-0308.html}
}

@InProceedings{JSTTKHJ2014,
  author          = {Martin Jaggi and Virginia Smith and Martin Tak{\'{a}}c and
                  Jonathan Terhorst and Sanjay Krishnan and Thomas Hofmann and
                  Michael I. Jordan},
  title           = {Communication-Efficient Distributed Dual Coordinate Ascent},
  year            = 2014,
  booktitle       = {Advances in Neural Information Processing Systems 27:
                  Annual Conference on Neural Information Processing Systems
                  2014, December 8-13 2014, Montreal, Quebec, Canada},
  pages           = {3068-3076},
  url             =
                  {https://proceedings.neurips.cc/paper/2014/hash/894b77f805bd94d292574c38c5d628d5-Abstract.html},
  crossref        = {DBLP:conf/nips/2014}
}

@InProceedings{OSDD2021,
  author          = {Kaan Ozkara and Navjot Singh and Deepesh Data and Suhas N.
                  Diggavi},
  title           = {QuPeD: Quantized Personalization via Distillation with
                  Applications to Federated Learning},
  year            = 2021,
  booktitle       = {Advances in Neural Information Processing Systems 34:
                  Annual Conference on Neural Information Processing Systems
                  2021, NeurIPS 2021, December 6-14, 2021, virtual},
  pages           = {3622-3634},
  url             =
                  {https://proceedings.neurips.cc/paper/2021/hash/1dba3025b159cd9354da65e2d0436a31-Abstract.html},
  crossref        = {DBLP:conf/nips/2021}
}

@Article{EPBIBA2021,
  author          = {Elgabli, Anis and Park, Jihong and Bedi, Amrit Singh and
                  Issaid, Chaouki Ben and Bennis, Mehdi and Aggarwal, Vaneet},
  title           = {Q-GADMM: Quantized Group ADMM for Communication Efficient
                  Decentralized Machine Learning},
  journal         = {IEEE Transactions on Communications},
  year            = 2021,
  volume          = 69,
  number          = 1,
  month           = jan,
  pages           = {164–181},
  issn            = {1558-0857},
  doi             = {10.1109/tcomm.2020.3026398},
  url             = {http://dx.doi.org/10.1109/TCOMM.2020.3026398},
  publisher       = {Institute of Electrical and Electronics Engineers (IEEE)}
}

@Article{XWCT2024,
  author          = {Xu, Ping and Wang, Yue and Chen, Xiang and Tian, Zhi},
  title           = {QC-ODKLA: Quantized and Communication-Censored Online
                  Decentralized Kernel Learning via Linearized ADMM},
  journal         = {IEEE Transactions on Neural Networks and Learning Systems},
  year            = 2024,
  pages           = {1–13},
  issn            = {2162-2388},
  doi             = {10.1109/tnnls.2023.3310499},
  url             = {http://dx.doi.org/10.1109/TNNLS.2023.3310499},
  publisher       = {Institute of Electrical and Electronics Engineers (IEEE)}
}

@Article{ZLSL2023,
  author          = {Zhang, Jiaojiao and Liu, Huikang and So, Anthony Man-Cho
                  and Ling, Qing},
  title           = {Variance-Reduced Stochastic Quasi-Newton Methods for
                  Decentralized Learning},
  journal         = {IEEE Transactions on Signal Processing},
  year            = 2023,
  volume          = 71,
  pages           = {311–326},
  issn            = {1941-0476},
  doi             = {10.1109/tsp.2023.3240652},
  url             = {http://dx.doi.org/10.1109/tsp.2023.3240652},
  publisher       = {Institute of Electrical and Electronics Engineers (IEEE)}
}

@Article{CSPEC2021,
  author          = {Chen, Mingzhe and Shlezinger, Nir and Poor, H. Vincent and
                  Eldar, Yonina C. and Cui, Shuguang},
  title           = {Communication-efficient federated learning},
  journal         = {Proceedings of the National Academy of Sciences},
  year            = 2021,
  volume          = 118,
  number          = 17,
  month           = apr,
  issn            = {1091-6490},
  doi             = {10.1073/pnas.2024789118},
  url             = {http://dx.doi.org/10.1073/pnas.2024789118},
  publisher       = {Proceedings of the National Academy of Sciences}
}

@Article{MYHGSY2020,
  author          = {Mao, Xianghui and Yuan, Kun and Hu, Yubin and Gu, Yuantao
                  and Sayed, Ali H. and Yin, Wotao},
  title           = {Walkman: A Communication-Efficient Random-Walk Algorithm
                  for Decentralized Optimization},
  journal         = {IEEE Transactions on Signal Processing},
  year            = 2020,
  volume          = 68,
  pages           = {2513–2528},
  issn            = {1941-0476},
  doi             = {10.1109/tsp.2020.2983167},
  url             = {http://dx.doi.org/10.1109/tsp.2020.2983167},
  publisher       = {Institute of Electrical and Electronics Engineers (IEEE)}
}

@Article{EPBBA2020,
  author          = {Anis Elgabli and Jihong Park and Amrit S. Bedi and Mehdi
                  Bennis and Vaneet Aggarwal},
  title           = {{GADMM:} Fast and Communication Efficient Framework for
                  Distributed Machine Learning},
  journal         = {Journal of Machine Learning Ressearch},
  year            = 2020,
  volume          = 21,
  pages           = {76:1--76:39},
  url             = {http://jmlr.org/papers/v21/19-718.html}
}

@Article{LSP1982,
  author          = {Leslie Lamport and Robert E. Shostak and Marshall C. Pease},
  title           = {The Byzantine Generals Problem},
  journal         = {{ACM} Trans. Program. Lang. Syst.},
  year            = 1982,
  volume          = 4,
  number          = 3,
  pages           = {382-401},
  doi             = {10.1145/357172.357176},
  url             = {https://doi.org/10.1145/357172.357176}
}

@Article{DWLT2024,
  author          = {Dong, Xingrong and Wu, Zhaoxian and Ling, Qing and Tian,
                  Zhi},
  title           = {Byzantine-Robust Distributed Online Learning: Taming
                  Adversarial Participants in An Adversarial Environment},
  journal         = {IEEE Transactions on Signal Processing},
  year            = 2024,
  volume          = 72,
  pages           = {235–248},
  issn            = {1941-0476},
  doi             = {10.1109/tsp.2023.3340028},
  url             = {http://dx.doi.org/10.1109/TSP.2023.3340028},
  publisher       = {Institute of Electrical and Electronics Engineers (IEEE)}
}

@InProceedings{LXCGL2019,
  author          = {Liping Li and Wei Xu and Tianyi Chen and Georgios B.
                  Giannakis and Qing Ling},
  title           = {{RSA:} Byzantine-Robust Stochastic Aggregation Methods for
                  Distributed Learning from Heterogeneous Datasets},
  year            = 2019,
  booktitle       = {The Thirty-Third {AAAI} Conference on Artificial
                  Intelligence, {AAAI} 2019, The Thirty-First Innovative
                  Applications of Artificial Intelligence Conference, {IAAI}
                  2019, The Ninth {AAAI} Symposium on Educational Advances in
                  Artificial Intelligence, {EAAI} 2019, Honolulu, Hawaii, USA,
                  January 27 - February 1, 2019},
  pages           = {1544-1551},
  doi             = {10.1609/AAAI.V33I01.33011544},
  url             = {https://doi.org/10.1609/aaai.v33i01.33011544},
  crossref        = {DBLP:conf/aaai/2019}
}

@Article{HZL2023,
  author          = {He, Xuechao and Zhu, Heng and Ling, Qing},
  title           = {C-RSA: Byzantine-robust and communication-efficient
                  distributed learning in the non-convex and non-IID regime},
  journal         = {Signal Processing},
  year            = 2023,
  volume          = 213,
  month           = dec,
  pages           = 109222,
  issn            = {0165-1684},
  doi             = {10.1016/j.sigpro.2023.109222},
  url             = {http://dx.doi.org/10.1016/j.sigpro.2023.109222},
  publisher       = {Elsevier BV}
}

@InProceedings{JMS2018,
  author          = {Jiang, Zhanhong and Mukherjee, Kushal and Sarkar, Soumik},
  title           = {On Consensus-Disagreement Tradeoff in Distributed
                  Optimization},
  year            = 2018,
  booktitle       = {2018 Annual American Control Conference (ACC)},
  publisher       = {IEEE},
  month           = jun,
  doi             = {10.23919/acc.2018.8430883},
  url             = {http://dx.doi.org/10.23919/ACC.2018.8430883}
}

@Article{SLWY2015,
  author          = {Shi, Wei and Ling, Qing and Wu, Gang and Yin, Wotao},
  title           = {{EXTRA}: An Exact First-Order Algorithm for Decentralized
                  Consensus Optimization},
  journal         = {SIAM Journal on Optimization},
  year            = 2015,
  volume          = 25,
  number          = 2,
  month           = jan,
  pages           = {944–966},
  issn            = {1095-7189},
  doi             = {10.1137/14096668x},
  url             = {http://dx.doi.org/10.1137/14096668x},
  publisher       = {Society for Industrial & Applied Mathematics (SIAM)}
}

@Article{LLHP2022,
  author          = {Liao, Yiwei and Li, Zhuorui and Huang, Kun and Pu, Shi},
  title           = {A Compressed Gradient Tracking Method for Decentralized
                  Optimization With Linear Convergence},
  journal         = {IEEE Transactions on Automatic Control},
  year            = 2022,
  volume          = 67,
  number          = 10,
  month           = oct,
  pages           = {5622–5629},
  issn            = {2334-3303},
  doi             = {10.1109/tac.2022.3180695},
  url             = {http://dx.doi.org/10.1109/TAC.2022.3180695},
  publisher       = {Institute of Electrical and Electronics Engineers (IEEE)}
}

@Online{TNHSB2022,
  author          = {Davoud Ataee Tarzanagh and Parvin Nazari and Bojian Hou and
                  Li Shen and Laura Balzano},
  title           = {{Online Bilevel Optimization: Regret Analysis of Online
                  Alternating Gradient Methods}},
  year            = 2022,
  eprint          = {2207.02829v6},
  primaryclass    = {math.OC},
  archiveprefix   = {arXiv}
}

@InProceedings{LSJLS2023,
  author          = {Sen Lin and Daouda Sow and Kaiyi Ji and Yingbin Liang and
                  Ness B. Shroff},
  title           = {Non-Convex Bilevel Optimization with Time-Varying Objective
                  Functions},
  year            = 2023,
  booktitle       = {Advances in Neural Information Processing Systems 36:
                  Annual Conference on Neural Information Processing Systems
                  2023, NeurIPS 2023, New Orleans, LA, USA, December 10 - 16,
                  2023},
  url             =
                  {http://papers.nips.cc/paper\_files/paper/2023/hash/5ee60ca5686bbcf756e56a6c75e66f32-Abstract-Conference.html},
  crossref        = {DBLP:conf/nips/2023}
}
